maker,model,mileage,manufacture_year,engine_displacement,engine_power,transmission,door_count,seat_count,fuel_type,date_created,date_last_seen,views,ratings,price_eur
audi,a4,228000,2008,1968,100,man,5,5,diesel,2015-11-14 18:55:22.877382+00,2016-01-27 20:40:15.46361+00,73,2,8845.3
hyundai,i20,1500,2015,1120,55,man,5,5,diesel,2015-11-14 18:55:24.095925+00,2016-01-27 20:40:15.46361+00,193,6,8511.84
skoda,octavia,111640,2011,1598,77,man,5,5,diesel,2015-11-14 18:55:27.149267+00,2016-01-27 20:40:15.46361+00,80,7,10695.78
skoda,octavia,107770,2010,2000,125,auto,5,5,diesel,2015-11-14 18:55:40.636249+00,2016-01-27 20:40:15.46361+00,260,7,12953.37
opel,vectra,230000,1999,1995,74,man,5,5,diesel,2015-11-14 18:55:47.440661+00,2016-01-27 20:40:15.46361+00,83,9,370.1
chrysler,voyager,217000,2003,2499,105,man,5,7,diesel,2015-11-14 18:56:14.32097+00,2016-01-27 20:40:15.46361+00,79,9,2738.71
ford,mondeo,328300,2009,1753,92,man,5,5,diesel,2015-11-14 18:56:15.668304+00,2016-01-27 20:40:15.46361+00,96,7,4256.11
ford,mondeo,268553,2001,1998,85,man,5,5,diesel,2015-11-14 18:56:26.370531+00,2016-01-27 20:40:15.46361+00,99,5,2031.83
opel,astra,207091,1998,1598,74,man,5,5,gasoline,2015-11-14 18:56:34.80914+00,2016-01-27 20:40:15.46361+00,160,5,1036.27
opel,zafira,130800,2001,1598,74,man,5,7,gasoline,2015-11-14 18:56:43.544569+00,2016-01-27 20:40:15.46361+00,208,4,1813.47
skoda,octavia,187333,2007,2000,125,man,5,5,diesel,2015-11-14 18:56:46.457435+00,2016-01-27 20:40:15.46361+00,195,5,7772.02
skoda,roomster,104046,2013,1200,63,man,5,5,gasoline,2015-11-14 18:56:46.659186+00,2016-01-27 20:40:15.46361+00,233,7,7809.03
ford,mondeo,130360,2004,1999,107,man,5,5,gasoline,2015-11-14 18:56:58.698291+00,2016-01-27 20:40:15.46361+00,248,1,3700.59
opel,astra,198741,2008,1686,92,man,5,5,diesel,2015-11-14 18:57:13.670368+00,2016-01-27 20:40:15.46361+00,287,8,4437.45
audi,a7,39608,2012,2967,230,auto,5,5,diesel,2015-11-14 18:57:16.90445+00,2016-01-27 20:40:15.46361+00,200,1,48075.5
skoda,octavia,141523,2003,1896,81,man,5,5,diesel,2015-11-14 18:57:21.727123+00,2016-01-27 20:40:15.46361+00,267,7,4034.05
mercedes-benz,vito,284635,2005,2148,80,man,4,9,diesel,2015-11-14 18:57:24.907057+00,2016-01-27 20:40:15.46361+00,212,6,6254.63
skoda,fabia,66500,2010,1197,63,man,5,5,gasoline,2015-11-14 18:57:30.40593+00,2016-01-27 20:40:15.46361+00,268,4,6284.23
ford,focus,247151,2002,1800,55,man,5,5,diesel,2015-11-14 18:57:32.659564+00,2016-01-27 20:40:15.46361+00,239,7,1369.36
skoda,octavia,14513,2015,1968,135,auto,5,5,diesel,2015-11-14 18:57:36.942713+00,2016-01-27 20:40:15.46361+00,142,8,31051.07
skoda,roomster,120897,2010,1598,66,man,5,2,diesel,2015-11-14 18:57:37.557637+00,2016-01-27 20:40:15.46361+00,94,1,6269.43
skoda,fabia,126880,2005,1390,59,man,5,5,gasoline,2015-11-14 18:57:41.249667+00,2016-01-27 20:40:15.46361+00,111,8,3327.17
skoda,octavia,117500,2006,1600,74,man,5,5,gasoline,2015-11-14 18:57:51.442354+00,2016-01-27 20:40:15.46361+00,81,2,2775.72
skoda,roomster,103000,2008,1390,63,man,5,5,gasoline,2015-11-14 18:57:56.094428+00,2016-01-27 20:40:15.46361+00,137,1,5736.49
skoda,roomster,25815,2012,1390,63,man,5,5,gasoline,2015-11-14 18:58:00.823642+00,2016-01-27 20:40:15.46361+00,82,8,8845.3
skoda,octavia,12591,2014,1958,110,auto,5,5,diesel,2015-11-14 18:58:05.804488+00,2016-01-27 20:40:15.46361+00,166,6,22746.11
toyota,auris,44586,2010,1300,74,man,5,5,gasoline,2015-11-14 18:58:14.523815+00,2016-01-27 20:40:15.46361+00,297,7,7698
seat,leon,198000,2003,1781,92,man,5,5,gasoline,2015-11-14 18:58:20.512585+00,2016-01-27 20:40:15.46361+00,294,7,3882.31
toyota,land-cruiser,290361,1997,2982,92,man,5,8,diesel,2015-11-14 18:58:20.562354+00,2016-01-27 20:40:15.46361+00,165,10,3663.95
skoda,octavia,203200,2000,1600,74,man,5,5,gasoline,2015-11-14 18:58:23.951062+00,2016-01-27 20:40:15.46361+00,299,9,1887.49
hyundai,i30,26500,2014,1396,73,man,5,5,gasoline,2015-11-14 18:58:42.95917+00,2016-01-27 20:40:15.46361+00,167,9,11806.07
chrysler,grand-voyager,180104,1998,2499,85,man,5,7,diesel,2015-11-14 18:58:46.491038+00,2016-01-27 20:40:15.46361+00,250,3,1554.4
audi,a4,230300,2006,1968,103,man,5,5,diesel,2015-11-14 18:58:49.188451+00,2016-01-27 20:40:15.46361+00,211,0,6658.03
skoda,octavia,58776,2009,1600,75,man,5,5,gasoline,2015-11-14 18:58:53.147108+00,2016-01-27 20:40:15.46361+00,285,5,7512.95
ford,s-max,177896,2006,1999,107,man,5,5,gasoline,2015-11-14 18:59:11.092353+00,2016-01-27 20:40:15.46361+00,230,3,6106.55
lexus,is-220d,91000,2008,2231,130,man,5,5,diesel,2015-11-14 18:59:11.780408+00,2016-01-27 20:40:15.46361+00,237,8,14026.65
skoda,rapid,3650,2015,1390,90,auto,5,5,gasoline,2015-11-14 18:59:11.982349+00,2016-01-27 20:40:15.46361+00,83,3,17135.46
skoda,roomster,31052,2008,1598,77,man,5,5,gasoline,2015-11-14 18:59:19.294626+00,2016-01-27 20:40:15.46361+00,127,9,6587.71
skoda,octavia,89627,2009,1600,75,man,5,5,gasoline,2015-11-14 18:59:26.112245+00,2016-01-27 20:40:15.46361+00,144,0,5921.54
citroen,c5,351958,2004,1997,100,man,5,5,diesel,2015-11-14 18:59:28.386194+00,2016-01-27 20:40:15.46361+00,132,4,2183.57
bmw,x5,199000,2002,2926,135,auto,5,5,diesel,2015-11-14 18:59:29.131925+00,2016-01-27 20:40:15.46361+00,196,1,8475.2
opel,astra,84237,2007,1400,66,man,5,4,gasoline,2015-11-14 18:59:29.835096+00,2016-01-27 20:40:15.46361+00,297,9,3256.85
hyundai,accent,77000,2006,1300,62,man,5,5,gasoline,2015-11-14 18:59:30.376562+00,2016-01-27 20:40:15.46361+00,104,7,1850.48
skoda,octavia,260000,2001,2000,85,man,5,5,gasoline,2015-11-14 18:59:33.739182+00,2016-01-27 20:40:15.46361+00,120,10,1739.45
skoda,octavia,112844,2006,2000,110,man,5,5,gasoline,2015-11-14 18:59:36.386187+00,2016-01-27 20:40:15.46361+00,197,6,5921.54
audi,a6,184800,1998,2771,142,man,4,5,gasoline,2015-11-14 18:59:45.897633+00,2016-01-27 20:40:15.46361+00,140,2,1813.47
honda,fr-v,184562,2005,1668,92,man,5,6,gasoline,2015-11-14 19:00:06.867463+00,2016-01-27 20:40:15.46361+00,257,1,4252.41
citroen,c3,174000,2003,1587,80,man,5,5,gasoline,2015-11-14 19:00:14.680368+00,2016-01-27 20:40:15.46361+00,147,3,2216.88
skoda,octavia,173416,2010,1896,74,man,5,5,diesel,2015-11-14 19:00:14.946898+00,2016-01-27 20:40:15.46361+00,248,2,5880.83
hyundai,ix35,26240,2014,2000,100,man,5,5,diesel,2015-11-14 19:00:22.33036+00,2016-01-27 20:40:15.46361+00,279,1,19245
hyundai,i20,54450,2010,1248,57,man,5,5,gasoline,2015-11-14 19:00:28.4183+00,2016-01-27 20:40:15.46361+00,82,0,5917.84
audi,a3,88798,2004,1968,103,man,5,5,diesel,2015-11-14 19:00:28.744775+00,2016-01-27 20:40:15.46361+00,208,3,5144.34
skoda,octavia,151438,1998,1600,74,man,5,5,gasoline,2015-11-14 19:00:43.509598+00,2016-01-27 20:40:15.46361+00,96,3,1110.29
ford,mondeo,177442,2004,2000,96,man,5,5,diesel,2015-11-14 19:00:43.635039+00,2016-01-27 20:40:15.46361+00,230,4,1850.48
skoda,octavia,152935,2012,2000,103,man,5,5,diesel,2015-11-14 19:00:44.804484+00,2016-01-27 20:40:15.46361+00,195,10,9252.44
ford,mondeo,157000,2007,2000,96,man,5,5,diesel,2015-11-14 19:00:47.018299+00,2016-01-27 20:40:15.46361+00,122,7,3700.96
skoda,octavia,192015,2006,1900,77,auto,5,5,diesel,2015-11-14 19:00:48.86457+00,2016-01-27 20:40:15.46361+00,244,0,4996.3
fiat,stilo,140000,2003,1596,76,man,5,5,gasoline,2015-11-14 19:00:54.844978+00,2016-01-27 20:40:15.46361+00,185,4,1554.4
chevrolet,cruze,79292,2009,1800,104,auto,4,5,gasoline,2015-11-14 19:00:58.780456+00,2016-01-27 20:40:15.46361+00,212,5,7401.92
skoda,superb,8400,2015,1968,140,auto,5,5,diesel,2015-11-14 19:01:00.492024+00,2016-01-27 20:40:15.46361+00,191,10,36635.83
honda,civic,29515,2012,1300,73,man,5,5,gasoline,2015-11-14 19:01:14.085035+00,2016-01-27 20:40:15.46361+00,159,10,10399.7
seat,alhambra,298000,2003,1896,96,man,5,7,diesel,2015-11-14 19:01:14.174052+00,2016-01-27 20:40:15.46361+00,162,4,3697.26
skoda,octavia,17830,2014,1398,81,man,5,5,gasoline,2015-11-14 19:01:15.170466+00,2016-01-27 20:40:15.46361+00,130,8,24352.33
nissan,micra,98500,2003,998,48,man,3,5,gasoline,2015-11-14 19:01:20.5742+00,2016-01-27 20:40:15.46361+00,232,10,1739.45
ford,focus,68900,2009,1999,107,man,3,5,gasoline,2015-11-14 19:01:36.921387+00,2016-01-27 20:40:15.46361+00,127,10,6994.82
citroen,xsara,186011,1998,1800,81,man,3,5,gasoline,2015-11-14 19:01:39.449794+00,2016-01-27 20:40:15.46361+00,292,1,740.19
skoda,superb,245000,2010,1968,103,man,5,5,diesel,2015-11-14 19:01:43.853276+00,2016-01-27 20:40:15.46361+00,244,0,8808.29
toyota,corolla-verso,310000,2005,1995,85,man,4,5,diesel,2015-11-14 21:59:29.521473+00,2016-01-27 20:40:15.46361+00,179,9,1250.56
skoda,octavia,178000,2011,1598,77,man,4,5,diesel,2015-11-14 21:59:30.08025+00,2016-01-27 20:40:15.46361+00,136,5,9003
opel,corsa,20570,2007,1229,59,man,2,5,gasoline,2015-11-14 21:59:40.722641+00,2016-01-27 20:40:15.46361+00,107,8,3110.36
skoda,fabia,150000,2009,1390,63,man,4,5,gasoline,2015-11-14 21:59:58.364744+00,2016-01-27 20:40:15.46361+00,88,7,4852.15
audi,a3,26500,2015,1395,92,man,4,5,gasoline,2015-11-14 22:00:03.36485+00,2016-01-27 20:40:15.46361+00,243,9,20580.13
opel,zafira,203700,2007,1910,110,auto,4,7,diesel,2015-11-14 22:00:17.118461+00,2016-01-27 20:40:15.46361+00,240,1,2200.96
ford,transit,268000,2004,1998,92,man,4,6,diesel,2015-11-14 22:00:36.071217+00,2016-01-27 20:40:15.46361+00,94,7,2991.34
chevrolet,camaro,9800,2013,6162,298,auto,2,4,gasoline,2015-11-14 22:00:50.412471+00,2016-01-27 20:40:15.46361+00,89,1,36014.99
ford,focus,145000,2004,1596,74,auto,2,5,gasoline,2015-11-14 22:00:50.525368+00,2016-01-27 20:40:15.46361+00,198,5,2200.96
mitsubishi,space,204000,2001,1584,72,man,4,5,gasoline,2015-11-14 22:00:50.649044+00,2016-01-27 20:40:15.46361+00,158,0,1200.52
opel,zafira,222452,2006,1600,77,man,5,7,gasoline,2015-11-16 22:15:15.17198+00,2016-01-27 20:40:15.46361+00,138,2,4441.15
skoda,octavia,118630,2008,1984,147,man,5,5,gasoline,2015-11-16 22:15:18.269987+00,2016-01-27 20:40:15.46361+00,255,4,11028.87
audi,a4,274000,2005,1984,147,man,5,5,gasoline,2015-11-16 22:15:29.010901+00,2016-01-27 20:40:15.46361+00,82,7,4404.15
ford,focus,88300,2007,1753,85,man,5,5,diesel,2015-11-17 02:00:34.663776+00,2016-01-27 20:40:15.46361+00,213,8,5107.33
suzuki,grand-vitara,179900,2001,1997,80,man,5,5,diesel,2015-11-17 02:00:45.135234+00,2016-01-27 20:40:15.46361+00,98,9,4437.45
opel,omega,230000,2002,2488,98,man,5,5,diesel,2015-11-17 02:02:46.815808+00,2016-01-27 20:40:15.46361+00,163,7,1924.5
ford,tourneo-custom,31000,2014,2198,92,man,5,9,diesel,2015-11-17 08:15:09.649868+00,2016-01-27 20:40:15.46361+00,232,8,21898.22
audi,a3,74180,2012,1968,103,man,2,5,diesel,2015-11-17 09:01:06.698306+00,2016-01-27 20:40:15.46361+00,225,2,15995.52
skoda,superb,75000,2012,1968,125,auto,4,5,diesel,2015-11-17 09:01:22.477881+00,2016-01-27 20:40:15.46361+00,250,1,18006.33
audi,a7,28805,2014,2967,230,auto,4,5,diesel,2015-11-17 09:15:42.880137+00,2016-01-27 20:40:15.46361+00,94,9,50339.49
citroen,c4-picasso,67000,2012,1560,82,man,4,7,diesel,2015-11-17 09:30:40.527181+00,2016-01-27 20:40:15.46361+00,163,10,12602.15
opel,insignia,119000,2012,1956,118,man,4,5,diesel,2015-11-17 09:46:02.243486+00,2016-01-27 20:40:15.46361+00,209,3,10920.43
hyundai,santa-fe,179571,2006,2200,110,man,5,5,diesel,2015-11-17 15:45:07.299683+00,2016-01-27 20:40:15.46361+00,272,0,6846.78
skoda,octavia,150082,2005,1900,77,man,5,5,diesel,2015-11-17 17:45:19.645608+00,2016-01-27 20:40:15.46361+00,221,8,5440.41
jaguar,x-type,147000,2004,1998,96,man,5,5,diesel,2015-11-17 19:30:09.464277+00,2016-01-27 20:40:15.46361+00,151,1,3293.86
skoda,octavia,147096,2006,1595,75,man,5,5,gasoline,2015-11-18 02:00:43.041421+00,2016-01-27 20:40:15.46361+00,113,9,4774.24
skoda,octavia,160058,2012,1600,77,man,5,5,diesel,2015-11-18 08:45:11.582681+00,2016-01-27 20:40:15.46361+00,261,7,9252.41
skoda,superb,224000,2005,1896,96,man,4,5,diesel,2015-11-18 08:45:12.227792+00,2016-01-27 20:40:15.46361+00,111,7,5921.54
fiat,palio,134000,2001,1242,54,man,5,5,gasoline,2015-11-18 10:45:19.632852+00,2016-01-27 20:40:15.46361+00,243,8,851.22
hyundai,ix20,8000,2015,1591,91,man,5,5,gasoline,2015-11-18 11:00:15.927264+00,2016-01-27 20:40:15.46361+00,246,5,11472.98
skoda,fabia,128000,2007,1198,51,man,5,5,gasoline,2015-11-18 12:00:07.083341+00,2016-01-27 20:40:15.46361+00,278,6,4622.5
hyundai,i20,71064,2010,1396,74,man,5,5,gasoline,2015-11-18 15:15:09.676218+00,2016-01-27 20:40:15.46361+00,268,4,5806.81
skoda,octavia,126029,2008,1798,118,man,5,5,gasoline,2015-11-18 16:30:11.610719+00,2016-01-27 20:40:15.46361+00,251,3,3145.82
ford,s-max,148000,2012,1997,120,man,5,5,diesel,2015-11-18 17:15:08.339304+00,2016-01-27 20:40:15.46361+00,244,4,15136.9
nissan,primera,255000,2002,1998,103,man,5,5,gasoline,2015-11-18 19:15:19.762719+00,2016-01-27 20:40:15.46361+00,220,9,1480.38
skoda,felicia,135508,1999,1600,55,man,5,5,gasoline,2015-11-18 19:30:10.351733+00,2016-01-27 20:40:15.46361+00,267,10,1073.28
skoda,octavia,219687,2007,1900,77,man,5,5,diesel,2015-11-18 23:45:29.668236+00,2016-01-27 20:40:15.46361+00,195,1,6476.68
kia,sorento,118000,2011,2199,145,auto,5,5,diesel,2015-11-19 02:00:37.439168+00,2016-01-27 20:40:15.46361+00,187,9,13508.51
skoda,felicia,144257,1997,1600,55,man,5,5,gasoline,2015-11-19 02:00:47.919386+00,2016-01-27 20:40:15.46361+00,286,1,555.14
seat,leon,111800,2005,1595,75,man,5,5,gasoline,2015-11-19 07:30:20.024254+00,2016-01-27 20:40:15.46361+00,128,3,5366.4
opel,meriva,7397,2015,1400,74,man,5,5,gasoline,2015-11-19 11:45:19.702046+00,2016-01-27 20:40:15.46361+00,151,4,12213.18
skoda,octavia,310000,2003,1595,75,man,5,5,gasoline,2015-11-19 14:45:20.442992+00,2016-01-27 20:40:15.46361+00,281,6,2031.83
hyundai,sonata,199000,2005,3342,173,auto,4,5,gasoline,2015-11-19 20:15:12.255502+00,2016-01-27 20:40:15.46361+00,296,10,2056.07
toyota,corolla-verso,95907,2006,2231,100,man,5,5,diesel,2015-11-19 21:15:30.209482+00,2016-01-27 20:40:15.46361+00,214,0,5547.74
nissan,navara,111614,2008,2488,126,auto,5,5,diesel,2015-11-20 02:00:59.885006+00,2016-01-27 20:40:15.46361+00,212,0,12953.33
toyota,yaris,118000,2004,1298,64,man,5,5,gasoline,2015-11-20 02:01:14.060976+00,2016-01-27 20:40:15.46361+00,237,5,2586.97
skoda,fabia,71630,2003,1200,47,man,5,5,gasoline,2015-11-20 08:45:09.701528+00,2016-01-27 20:40:15.46361+00,250,8,2183.57
skoda,octavia,17825,2015,1968,135,auto,5,5,diesel,2015-11-20 12:15:10.406413+00,2016-01-27 20:40:15.46361+00,167,0,27350.11
citroen,c3,121417,2008,1400,54,man,5,5,gasoline,2015-11-20 22:15:18.691425+00,2016-01-27 20:40:15.46361+00,289,5,4256.11
seat,alhambra,243274,2001,1900,85,man,5,5,diesel,2015-11-20 22:15:18.826676+00,2016-01-27 20:40:15.46361+00,143,6,4067.36
skoda,octavia,252557,2012,1598,77,man,5,5,diesel,2015-11-21 02:00:35.958993+00,2016-01-27 20:40:15.46361+00,174,9,7027.68
skoda,octavia,92112,2005,1600,75,man,5,5,gasoline,2015-11-21 05:45:09.478549+00,2016-01-27 20:40:15.46361+00,144,9,4108.07
ford,s-max,109000,2012,2179,147,auto,5,5,diesel,2015-11-21 10:00:09.74005+00,2016-01-27 20:40:15.46361+00,265,2,21798.63
skoda,fabia,126000,2002,1390,55,man,5,5,gasoline,2015-11-21 12:15:22.309174+00,2016-01-27 20:40:15.46361+00,95,1,2405.26
ford,mondeo,212000,2007,1997,103,man,5,5,diesel,2015-11-21 19:45:09.471404+00,2016-01-27 20:40:15.46361+00,218,9,5144.34
skoda,octavia,102077,1998,1600,75,auto,5,5,gasoline,2015-11-22 08:45:19.644624+00,2016-01-27 20:40:15.46361+00,185,6,1887.49
skoda,octavia,180482,2010,1600,77,man,5,5,diesel,2015-11-22 08:45:19.811675+00,2016-01-27 20:40:15.46361+00,231,9,7512.95
mazda,bt,90418,2010,2500,105,man,5,5,diesel,2015-11-22 13:15:10.284144+00,2016-01-27 20:40:15.46361+00,79,1,12953.37
citroen,jumpy,25890,2014,1997,94,man,5,8,diesel,2015-11-23 14:45:10.675725+00,2016-01-27 20:40:15.46361+00,248,6,21798.67
audi,a4,186085,2010,1968,105,auto,5,5,diesel,2015-11-23 16:45:10.189969+00,2016-01-27 20:40:15.46361+00,134,3,11398.96
skoda,fabia,231266,2012,1197,63,man,5,5,gasoline,2015-11-23 17:45:30.7463+00,2016-01-27 20:40:15.46361+00,175,3,4774.24
skoda,octavia,81000,2012,1598,77,man,5,5,diesel,2015-11-23 23:15:29.55652+00,2016-01-27 20:40:15.46361+00,226,1,8697.26
opel,astra,177358,2001,1600,74,man,5,5,gasoline,2015-11-24 00:30:09.710307+00,2016-01-27 20:40:15.46361+00,137,4,1554.4
ford,focus,230260,2001,1800,66,man,5,5,diesel,2015-11-24 00:30:09.810778+00,2016-01-27 20:40:15.46361+00,244,8,1036.27
skoda,rapid,26042,2015,1197,63,man,5,5,gasoline,2015-11-24 03:30:09.743262+00,2016-01-27 20:40:15.46361+00,127,6,11469.28
honda,cr-v,203950,1998,2000,94,man,5,5,gasoline,2015-11-24 03:30:10.479609+00,2016-01-27 20:40:15.46361+00,235,8,2590.67
skoda,octavia,250000,2001,1896,50,man,5,5,diesel,2015-11-24 11:45:10.271043+00,2016-01-27 20:40:15.46361+00,172,9,2590.67
seat,ibiza,105000,2006,1390,74,man,5,5,gasoline,2015-11-24 12:45:06.823259+00,2016-01-27 20:40:15.46361+00,257,2,3663.95
skoda,octavia,144158,2008,2000,103,man,5,5,diesel,2015-11-24 14:45:10.661713+00,2016-01-27 20:40:15.46361+00,186,7,7179.87
audi,q7,153640,2007,3000,176,auto,5,5,diesel,2015-11-24 14:45:13.081206+00,2016-01-27 20:40:15.46361+00,129,3,14248.7
skoda,octavia,317812,1998,1600,55,man,5,5,gasoline,2015-11-24 14:45:13.241113+00,2016-01-27 20:40:15.46361+00,168,3,1036.27
skoda,octavia,121529,2005,1600,75,man,5,5,gasoline,2015-11-24 15:15:30.548231+00,2016-01-27 20:40:15.46361+00,206,5,4515.17
skoda,fabia,36201,2006,1200,47,man,5,5,gasoline,2015-11-24 15:15:31.517957+00,2016-01-27 20:40:15.46361+00,237,2,3589.93
hyundai,i30,234000,2009,1000,85,man,5,5,diesel,2015-11-24 16:45:20.5264+00,2016-01-27 20:40:15.46361+00,156,10,4252.41
kia,picanto,84179,2007,1100,47,man,5,5,gasoline,2015-11-24 21:45:11.592707+00,2016-01-27 20:40:15.46361+00,284,2,2590.67
skoda,superb,215768,2010,2000,103,man,5,5,diesel,2015-11-25 00:15:08.171926+00,2016-01-27 20:40:15.46361+00,215,8,9881.57
mitsubishi,l200,157000,2010,2477,100,man,4,5,diesel,2015-11-25 02:00:34.343812+00,2016-01-27 20:40:15.46361+00,146,2,12494.08
skoda,octavia,17340,2014,1998,110,man,5,5,diesel,2015-11-25 02:00:38.842661+00,2016-01-27 20:40:15.46361+00,254,7,22017.02
opel,corsa,290000,2008,1248,66,man,5,5,diesel,2015-11-25 08:00:09.708026+00,2016-01-27 20:40:15.46361+00,162,5,2183.57
skoda,citigo,7490,2015,999,55,man,3,4,gasoline,2015-11-25 08:45:09.862386+00,2016-01-27 20:40:15.46361+00,80,10,7957.07
audi,a4,299000,2005,1896,81,man,5,5,diesel,2015-11-25 10:45:36.125155+00,2016-01-27 20:40:15.46361+00,162,8,2028.13
skoda,octavia,8678,2014,1968,135,auto,5,5,diesel,2015-11-25 15:00:09.675293+00,2016-01-27 20:40:15.46361+00,106,3,24052.55
suzuki,vitara,101000,1998,1905,55,man,3,4,diesel,2015-11-25 16:15:09.681229+00,2016-01-27 20:40:15.46361+00,195,8,3663.95
skoda,octavia,216330,2008,1968,125,auto,5,5,diesel,2015-11-25 17:45:10.495675+00,2016-01-27 20:40:15.46361+00,105,7,8105.11
ford,mondeo,174231,2006,2000,85,man,5,5,diesel,2015-11-25 22:30:09.942015+00,2016-01-27 20:40:15.46361+00,272,0,2775.72
skoda,octavia,23196,2015,1968,135,auto,5,5,diesel,2015-11-26 02:00:31.056959+00,2016-01-27 20:40:15.46361+00,93,9,22538.86
skoda,fabia,84783,2006,1198,47,man,5,5,gasoline,2015-11-26 02:00:41.292779+00,2016-01-27 20:40:15.46361+00,299,3,2923.76
chevrolet,cruze,172351,2011,1600,91,man,4,5,gasoline,2015-11-26 05:15:04.400221+00,2016-01-27 20:40:15.46361+00,103,5,5551.44
hyundai,santa-fe,188000,2006,2188,114,man,5,5,diesel,2015-11-26 12:30:05.247718+00,2016-01-27 20:40:15.46361+00,172,6,6994.82
ford,s-max,146247,2007,2000,103,man,5,5,diesel,2015-11-26 18:45:04.154214+00,2016-01-27 20:40:15.46361+00,163,3,7031.83
skoda,octavia,166515,2003,1600,75,man,5,5,gasoline,2015-11-26 19:00:04.596354+00,2016-01-27 20:40:15.46361+00,201,4,3515.91
toyota,mr2,124000,2001,1794,103,man,2,2,gasoline,2015-11-26 23:15:03.695552+00,2016-01-27 20:40:15.46361+00,81,4,4774.24
mitsubishi,asx,95337,2010,1798,110,man,4,5,diesel,2015-11-27 00:00:22.533529+00,2016-01-27 20:40:15.46361+00,187,8,12885.71
mitsubishi,colt,75795,2011,1332,70,man,4,5,gasoline,2015-11-27 00:30:09.683474+00,2016-01-27 20:40:15.46361+00,142,9,6993.12
citroen,c4,239172,2006,1587,80,man,4,5,gasoline,2015-11-27 00:30:22.263023+00,2016-01-27 20:40:15.46361+00,216,10,2991.34
lexus,sc,154478,2002,4293,210,auto,2,4,gasoline,2015-11-27 01:00:08.090769+00,2016-01-27 20:40:15.46361+00,288,2,10754.77
volvo,xc60,5000,2015,2400,140,auto,4,5,diesel,2015-11-27 01:00:17.488295+00,2016-01-27 20:40:15.46361+00,238,3,44759.88
porsche,cayenne,150000,2008,4806,283,auto,4,5,gasoline,2015-11-27 01:30:15.10929+00,2016-01-27 20:40:15.46361+00,299,7,17357.7
toyota,aygo,89853,2009,998,50,man,4,4,gasoline,2015-11-27 01:45:12.079992+00,2016-01-27 20:40:15.46361+00,187,6,6252.78
skoda,octavia,21601,2014,1395,103,man,5,5,gasoline,2015-11-27 03:00:36.233782+00,2016-01-27 20:40:15.46361+00,230,2,16987.42
audi,a3,27950,2013,1395,90,auto,4,5,gasoline,2015-11-27 03:08:11.40011+00,2016-01-27 20:40:15.46361+00,215,10,18798.33
suzuki,vitara,9900,2015,1598,88,man,4,5,diesel,2015-11-27 03:08:13.061537+00,2016-01-27 20:40:15.46361+00,118,0,18063.03
opel,insignia,25000,2009,1598,85,man,4,5,gasoline,2015-11-27 03:08:27.141536+00,2016-01-27 20:40:15.46361+00,196,4,12004.33
audi,a5,156985,2011,1798,118,man,2,4,gasoline,2015-11-27 03:08:52.076865+00,2016-01-27 20:40:15.46361+00,216,10,14109.25
kia,sorento,105927,2009,2359,128,auto,4,5,gasoline,2015-11-27 03:15:28.848257+00,2016-01-27 20:40:15.46361+00,239,6,15807.03
skoda,fabia,65202,2009,1198,51,man,4,5,gasoline,2015-11-27 03:30:07.984045+00,2016-01-27 20:40:15.46361+00,98,4,7953.52
audi,a3,79981,2007,1798,118,man,4,5,gasoline,2015-11-27 03:30:20.124427+00,2016-01-27 20:40:15.46361+00,204,8,12199.41
ford,fiesta,17794,2015,1242,60,man,4,5,gasoline,2015-11-27 04:45:21.963297+00,2016-01-27 20:40:15.46361+00,241,3,10046.45
ford,mondeo,2000,2015,1997,132,auto,4,5,diesel,2015-11-27 05:00:19.032832+00,2016-01-27 20:40:15.46361+00,201,0,44949.96
opel,mokka,15100,2015,1364,103,man,4,5,gasoline,2015-11-27 07:15:09.776321+00,2016-01-27 20:40:15.46361+00,272,10,16797.45
opel,insignia,9985,2015,1956,125,man,4,5,diesel,2015-11-27 07:30:18.140241+00,2016-01-27 20:40:15.46361+00,267,6,20167.95
seat,leon,26010,2014,1197,81,auto,4,5,gasoline,2015-11-27 07:45:19.09458+00,2016-01-27 20:40:15.46361+00,290,10,13408.96
opel,astra,69000,2009,1598,85,man,4,5,gasoline,2015-11-27 08:00:17.327244+00,2016-01-27 20:40:15.46361+00,156,7,9494.23
toyota,yaris,85400,2009,998,51,man,4,5,gasoline,2015-11-27 08:30:11.382264+00,2016-01-27 20:40:15.46361+00,175,6,6202.74
seat,exeo,69200,2010,1968,88,man,4,5,diesel,2015-11-27 08:30:20.905422+00,2016-01-27 20:40:15.46361+00,156,4,13485.97
audi,coupe,120800,2006,3189,184,auto,2,4,gasoline,2015-11-27 08:45:41.303885+00,2016-01-27 20:40:15.46361+00,293,3,13986.2
ford,mondeo,146000,2007,1997,85,man,4,5,diesel,2015-11-27 09:00:12.192531+00,2016-01-27 20:40:15.46361+00,208,6,3656.62
hyundai,ix20,7300,2015,1396,66,man,4,5,gasoline,2015-11-27 09:00:13.897041+00,2016-01-27 20:40:15.46361+00,228,4,16897.48
fiat,500x,26000,2015,1598,88,man,4,5,diesel,2015-11-27 09:00:14.725048+00,2016-01-27 20:40:15.46361+00,222,2,15124.72
audi,a4,27240,2015,1968,110,man,4,5,diesel,2015-11-27 09:00:25.546428+00,2016-01-27 20:40:15.46361+00,212,7,20967.32
opel,astra,48700,2010,1686,81,man,4,5,diesel,2015-11-27 09:00:31.370041+00,2016-01-27 20:40:15.46361+00,149,8,7693.41
opel,corsa,24787,2011,1398,64,man,4,5,gasoline,2015-11-27 09:00:49.824824+00,2016-01-27 20:40:15.46361+00,271,1,8994
lexus,rx-400h,179800,2008,3311,155,auto,4,5,gasoline,2015-11-27 09:15:27.726279+00,2016-01-27 20:40:15.46361+00,167,0,12990.78
skoda,octavia,188753,2003,1595,75,man,5,5,gasoline,2015-11-27 09:30:03.029246+00,2016-01-27 20:40:15.46361+00,219,10,2923.76
citroen,c4-picasso,104796,2009,1600,88,man,5,7,gasoline,2015-11-27 09:45:05.134622+00,2016-01-27 20:40:15.46361+00,194,2,7401.92
audi,a3,41600,2005,1595,75,auto,2,5,gasoline,2015-11-27 09:45:13.991762+00,2016-01-27 20:40:15.46361+00,283,2,8953.96
audi,a3,140615,2011,1798,118,man,4,5,gasoline,2015-11-27 09:45:14.071263+00,2016-01-27 20:40:15.46361+00,176,6,10046.45
bmw,x5,97971,2011,2993,225,auto,4,5,diesel,2015-11-27 09:45:17.843974+00,2016-01-27 20:40:15.46361+00,259,3,33451.85
ford,focus,110500,2006,1596,85,man,4,5,gasoline,2015-11-27 09:45:41.043061+00,2016-01-27 20:40:15.46361+00,138,1,5752.55
bmw,x5,21242,2014,2993,190,auto,4,5,diesel,2015-11-27 09:45:43.623816+00,2016-01-27 20:40:15.46361+00,203,6,55343.56
audi,a4,11600,2014,2967,150,auto,4,5,diesel,2015-11-27 10:00:14.762614+00,2016-01-27 20:40:15.46361+00,291,2,22548
hyundai,i30,31000,2011,1396,80,man,4,5,gasoline,2015-11-27 10:00:31.881946+00,2016-01-27 20:40:15.46361+00,230,4,8893.93
mini,one,169551,2004,1598,66,man,2,4,gasoline,2015-11-27 10:30:17.03607+00,2016-01-27 20:40:15.46361+00,154,5,2801.26
bmw,x1,77000,2013,1995,135,man,4,5,diesel,2015-11-27 10:30:18.134519+00,2016-01-27 20:40:15.46361+00,285,6,26401.7
hyundai,i30,86345,2013,1582,81,man,4,5,diesel,2015-11-27 10:30:27.355181+00,2016-01-27 20:40:15.46361+00,268,8,8702.85
audi,a6-allroad,138492,2010,4163,257,auto,4,5,gasoline,2015-11-27 10:30:28.685569+00,2016-01-27 20:40:15.46361+00,179,6,19252.55
bmw,x5,178438,2009,2993,173,auto,4,5,diesel,2015-11-27 10:30:38.584151+00,2016-01-27 20:40:15.46361+00,219,4,20933.31
seat,alhambra,124109,2012,1968,103,auto,4,5,diesel,2015-11-27 10:45:32.935144+00,2016-01-27 20:40:15.46361+00,234,1,15881.05
opel,astra,72000,2011,1686,81,man,4,5,diesel,2015-11-27 10:45:43.30576+00,2016-01-27 20:40:15.46361+00,100,8,10046.45
audi,a3,16350,2015,1598,81,auto,4,5,diesel,2015-11-27 10:45:47.086452+00,2016-01-27 20:40:15.46361+00,134,3,21116.36
skoda,octavia,47903,2011,1197,77,man,4,5,gasoline,2015-11-27 11:00:46.267839+00,2016-01-27 20:40:15.46361+00,272,2,14206.29
skoda,octavia,10500,2014,1984,162,auto,4,5,gasoline,2015-11-27 11:15:34.013466+00,2016-01-27 20:40:15.46361+00,217,1,25465.32
toyota,corolla-verso,125000,2005,1794,95,man,4,7,gasoline,2015-11-27 11:15:40.348039+00,2016-01-27 20:40:15.46361+00,186,9,5502.44
honda,cr-v,83030,2011,1997,110,man,4,5,gasoline,2015-11-27 11:15:41.09+00,2016-01-27 20:40:15.46361+00,175,3,13996.23
fiat,doblo,109616,2010,1598,66,man,4,5,diesel,2015-11-27 11:30:20.095074+00,2016-01-27 20:40:15.46361+00,160,1,9504.22
skoda,yeti,5500,2015,1390,90,auto,4,5,gasoline,2015-11-27 11:30:59.821059+00,2016-01-27 20:40:15.46361+00,260,5,21513.55
mitsubishi,lancer,107000,2010,1798,105,auto,4,5,gasoline,2015-11-27 11:45:28.388507+00,2016-01-27 20:40:15.46361+00,162,2,8493.78
chevrolet,orlando,134989,2012,1998,120,auto,4,7,diesel,2015-11-27 11:45:36.451664+00,2016-01-27 20:40:15.46361+00,216,5,9164.06
porsche,panamera,39390,2010,4806,368,auto,4,4,gasoline,2015-11-27 11:45:43.667253+00,2016-01-27 20:40:15.46361+00,135,7,99960.36
citroen,c4-picasso,5000,2015,1560,88,man,4,5,diesel,2015-11-27 12:00:37.068431+00,2016-01-27 20:40:15.46361+00,152,4,17141.6
opel,astra,217000,2009,1910,88,auto,4,5,diesel,2015-11-27 12:15:28.131826+00,2016-01-27 20:40:15.46361+00,197,8,4652.07
smart,fortwo,57000,2011,999,52,auto,2,2,gasoline,2015-11-27 12:15:34.029958+00,2016-01-27 20:40:15.46361+00,117,10,5852.59
nissan,x-trail,157500,2010,1994,110,man,4,5,diesel,2015-11-27 12:15:34.209838+00,2016-01-27 20:40:15.46361+00,118,10,10004.44
mitsubishi,lancer,107000,2010,1798,105,auto,4,5,gasoline,2015-11-27 12:15:45.37724+00,2016-01-27 20:40:15.46361+00,208,4,8493.78
skoda,superb,17230,2015,1968,103,auto,4,5,diesel,2015-11-27 12:30:10.507065+00,2016-01-27 20:40:15.46361+00,127,9,19327.57
seat,mii,6000,2015,999,55,man,4,4,gasoline,2015-11-27 12:30:13.47697+00,2016-01-27 20:40:15.46361+00,129,2,7558.36
hyundai,i40,54500,2011,1685,85,man,4,5,diesel,2015-11-27 12:30:32.439437+00,2016-01-27 20:40:15.46361+00,236,2,13956.18
ford,c-max,65000,2010,1596,85,man,4,5,gasoline,2015-11-27 12:45:20.098337+00,2016-01-27 20:40:15.46361+00,174,1,8003.55
citroen,berlingo,174000,2003,1361,55,man,4,5,gasoline,2015-11-27 12:45:39.830569+00,2016-01-27 20:40:15.46361+00,183,6,1500.67
seat,leon,13000,2014,1395,90,man,4,5,gasoline,2015-11-27 13:15:10.358406+00,2016-01-27 20:40:15.46361+00,279,6,16805.48
toyota,yaris,17200,2014,1329,73,man,4,5,gasoline,2015-11-27 13:15:10.979359+00,2016-01-27 20:40:15.46361+00,281,3,11455.07
chrysler,sebring,169000,2003,2736,149,auto,2,4,gasoline,2015-11-27 13:15:18.517986+00,2016-01-27 20:40:15.46361+00,245,2,4991.23
audi,a3,124981,2011,1197,77,man,4,5,gasoline,2015-11-27 13:30:23.637721+00,2016-01-27 20:40:15.46361+00,268,10,10904.85
ford,mustang,51000,2013,3731,227,auto,2,4,gasoline,2015-11-27 13:30:31.136921+00,2016-01-27 20:40:15.46361+00,298,9,19242.52
ford,fiesta,20000,2015,1596,134,man,2,5,gasoline,2015-11-27 13:30:34.128125+00,2016-01-27 20:40:15.46361+00,91,1,17757.88
seat,altea,99890,2006,1595,75,man,4,5,gasoline,2015-11-27 13:45:22.842788+00,2016-01-27 20:40:15.46361+00,92,1,4692.08
smart,fortwo,43200,2010,999,52,man,2,2,gasoline,2015-11-27 13:45:27.615685+00,2016-01-27 20:40:15.46361+00,186,8,5492.45
fiat,multipla,299700,2008,1910,88,man,4,6,diesel,2015-11-27 13:45:44.9293+00,2016-01-27 20:40:15.46361+00,289,8,2700.19
audi,a3,41300,2012,1968,103,auto,4,5,diesel,2015-11-27 14:00:26.18413+00,2016-01-27 20:40:15.46361+00,266,1,15969.1
smart,fortwo,47500,2011,999,62,auto,2,2,gasoline,2015-11-27 14:00:35.146438+00,2016-01-27 20:40:15.46361+00,223,4,7001.11
mini,cooper,34998,2010,1598,90,auto,2,4,gasoline,2015-11-27 14:00:40.883751+00,2016-01-27 20:40:15.46361+00,228,7,13906.18
toyota,yaris,124000,1999,998,50,man,4,5,gasoline,2015-11-27 14:00:48.168792+00,2016-01-27 20:40:15.46361+00,204,10,1500.67
fiat,doblo,22151,2014,1956,99,man,4,5,diesel,2015-11-27 14:15:42.662532+00,2016-01-27 20:40:15.46361+00,191,7,12526.57
mini,one,184227,2006,1364,65,man,2,5,diesel,2015-11-27 14:15:48.060299+00,2016-01-27 20:40:15.46361+00,99,1,5752.55
opel,zafira,88000,2012,1956,96,man,4,7,diesel,2015-11-27 14:15:48.609345+00,2016-01-27 20:40:15.46361+00,292,0,12995.78
citroen,c4,8000,2015,1199,96,man,4,5,gasoline,2015-11-27 14:30:34.405957+00,2016-01-27 20:40:15.46361+00,239,7,16688.42
nissan,pathfinder,147000,2010,2488,126,auto,4,7,diesel,2015-11-27 14:30:35.477064+00,2016-01-27 20:40:15.46361+00,139,3,16507.33
seat,leon,118000,2003,1390,55,man,4,5,gasoline,2015-11-27 14:30:39.268466+00,2016-01-27 20:40:15.46361+00,189,9,2701.18
skoda,roomster,38400,2008,1198,51,man,5,5,gasoline,2015-11-27 14:45:04.774747+00,2016-01-27 20:40:15.46361+00,219,7,5699.48
bmw,x5,110000,2007,2993,173,auto,4,5,diesel,2015-11-27 15:00:19.211689+00,2016-01-27 20:40:15.46361+00,117,2,22009.77
skoda,octavia,99100,2010,1598,77,man,4,5,diesel,2015-11-27 15:00:33.893939+00,2016-01-27 20:40:15.46361+00,231,3,9987.42
ford,focus,102000,2005,1596,85,man,4,5,gasoline,2015-11-27 15:15:25.736664+00,2016-01-27 20:40:15.46361+00,110,10,3481.53
skoda,octavia,220000,2008,1896,77,auto,4,5,diesel,2015-11-27 15:15:28.50125+00,2016-01-27 20:40:15.46361+00,109,3,5752.55
opel,vectra,148000,1995,1598,74,man,4,5,gasoline,2015-11-27 15:45:18.290794+00,2016-01-27 20:40:15.46361+00,130,7,1490.67
skoda,superb,78130,2011,1968,125,auto,4,5,diesel,2015-11-27 15:45:27.258879+00,2016-01-27 20:40:15.46361+00,158,1,17497.78
bmw,x5,145740,2003,2926,135,auto,4,5,diesel,2015-11-27 16:00:28.596783+00,2016-01-27 20:40:15.46361+00,231,7,10904.85
opel,corsa,40100,2014,1229,63,auto,4,5,gasoline,2015-11-27 16:00:37.887967+00,2016-01-27 20:40:15.46361+00,204,6,7482.31
audi,q5,26862,2015,1968,120,auto,4,5,diesel,2015-11-27 16:00:41.017774+00,2016-01-27 20:40:15.46361+00,204,8,38563.1
audi,tt,28200,2012,2480,250,auto,4,5,gasoline,2015-11-27 16:15:16.808895+00,2016-01-27 20:40:15.46361+00,90,10,36916.4
mini,one,1650,2015,1198,75,man,4,5,gasoline,2015-11-27 16:15:41.333814+00,2016-01-27 20:40:15.46361+00,243,8,14922.61
audi,a3,136000,1999,1595,74,man,2,5,gasoline,2015-11-27 16:30:15.854117+00,2016-01-27 20:40:15.46361+00,108,7,1500.67
seat,exeo,92000,2012,1968,105,man,4,5,diesel,2015-11-27 16:30:41.173022+00,2016-01-27 20:40:15.46361+00,253,4,11096.93
audi,a7,81000,2014,2967,180,auto,4,5,diesel,2015-11-27 16:45:36.65322+00,2016-01-27 20:40:15.46361+00,201,7,36982.42
skoda,yeti,3580,2015,1968,103,man,4,5,diesel,2015-11-27 17:15:14.35607+00,2016-01-27 20:40:15.46361+00,226,4,20841.27
skoda,octavia,69114,2002,1390,55,man,4,5,gasoline,2015-11-27 17:15:14.418408+00,2016-01-27 20:40:15.46361+00,174,8,3251.44
smart,forfour,175000,2006,1493,48,auto,4,4,diesel,2015-11-27 17:15:16.623492+00,2016-01-27 20:40:15.46361+00,241,3,2951.3
ford,mondeo,164420,2012,1997,103,man,4,5,diesel,2015-11-27 17:15:25.485498+00,2016-01-27 20:40:15.46361+00,174,2,10001.48
opel,astra,92219,2001,2198,108,auto,2,5,gasoline,2015-11-27 17:15:32.411007+00,2016-01-27 20:40:15.46361+00,255,3,2990.45
ford,explorer,275000,1998,4011,152,auto,4,5,gasoline,2015-11-27 17:15:42.309819+00,2016-01-27 20:40:15.46361+00,219,1,4000.78
nissan,micra,59200,2012,1198,72,auto,4,5,gasoline,2015-11-27 17:30:40.474658+00,2016-01-27 20:40:15.46361+00,136,6,8491.27
fiat,500l,14990,2013,1368,70,man,4,5,gasoline,2015-11-27 17:30:50.916795+00,2016-01-27 20:40:15.46361+00,291,0,13496
nissan,qashqai,121713,2008,1461,78,man,4,5,diesel,2015-11-27 17:45:24.516762+00,2016-01-27 20:40:15.46361+00,278,7,6502.89
ford,tourneo-connect,27000,2014,1560,85,man,4,7,diesel,2015-11-27 17:45:25.655555+00,2016-01-27 20:40:15.46361+00,120,7,19705.74
ford,focus,49800,2012,1560,85,man,4,5,diesel,2015-11-27 17:45:25.782844+00,2016-01-27 20:40:15.46361+00,236,6,11417.06
opel,astra,1785,2015,1399,92,man,4,5,gasoline,2015-11-27 17:45:28.097701+00,2016-01-27 20:40:15.46361+00,191,7,16217.21
opel,corsa,93000,1996,1389,66,auto,2,5,gasoline,2015-11-27 17:45:40.164388+00,2016-01-27 20:40:15.46361+00,170,1,1690.75
opel,astra,171187,2002,1598,74,auto,4,5,gasoline,2015-11-27 17:45:48.355658+00,2016-01-27 20:40:15.46361+00,136,0,2751.22
citroen,c8,109192,2006,1997,103,man,4,5,gasoline,2015-11-27 18:00:36.234728+00,2016-01-27 20:40:15.46361+00,151,3,6001.67
opel,zafira,95200,2008,1796,103,man,4,7,gasoline,2015-11-27 18:00:41.903935+00,2016-01-27 20:40:15.46361+00,167,8,6991.04
bmw,x1,189980,2011,1995,105,man,4,5,diesel,2015-11-27 18:00:56.493001+00,2016-01-27 20:40:15.46361+00,259,8,11341.04
mercedes-benz,viano,72721,2010,2148,110,man,4,7,diesel,2015-11-27 18:15:16.753219+00,2016-01-27 20:40:15.46361+00,170,2,23000.22
ford,focus,128700,2012,1560,85,man,4,5,diesel,2015-11-27 18:15:31.598249+00,2016-01-27 20:40:15.46361+00,136,4,9038.01
audi,a3,26703,2015,1968,110,man,2,5,diesel,2015-11-27 18:30:22.894904+00,2016-01-27 20:40:15.46361+00,261,9,20151.96
audi,a4,165800,2004,1781,120,man,4,5,gasoline,2015-11-27 18:45:32.104875+00,2016-01-27 20:40:15.46361+00,209,2,7202.18
chevrolet,cruze,72350,2009,1598,83,man,4,5,gasoline,2015-11-27 18:45:43.011829+00,2016-01-27 20:40:15.46361+00,76,9,6991.04
opel,meriva,179100,2003,1598,74,man,4,5,gasoline,2015-11-27 19:00:20.436936+00,2016-01-27 20:40:15.46361+00,152,7,3450.52
nissan,note,211548,2007,1386,65,man,4,5,gasoline,2015-11-27 19:00:20.69676+00,2016-01-27 20:40:15.46361+00,223,6,3000.33
mercedes-benz,vito,147998,2010,2148,85,man,4,9,diesel,2015-11-27 19:00:27.430349+00,2016-01-27 20:40:15.46361+00,166,1,13896.15
ford,fiesta,27850,2015,998,74,man,4,5,gasoline,2015-11-27 19:00:33.333224+00,2016-01-27 20:40:15.46361+00,81,8,10911.84
mini,cooper,29600,2015,1499,100,man,2,4,gasoline,2015-11-27 19:15:35.677335+00,2016-01-27 20:40:15.46361+00,230,4,15876.35
audi,a8,148187,2006,2967,171,auto,4,5,diesel,2015-11-27 19:30:32.940983+00,2016-01-27 20:40:15.46361+00,259,6,13852.04
bmw,x1,16665,2014,1995,135,auto,4,5,diesel,2015-11-27 19:45:15.870534+00,2016-01-27 20:40:15.46361+00,185,3,28996.85
audi,a4,96200,2012,1968,130,auto,4,5,diesel,2015-11-27 19:45:19.623783+00,2016-01-27 20:40:15.46361+00,143,5,16646.37
skoda,rapid,22466,2015,1197,63,man,4,5,gasoline,2015-11-27 20:00:11.047716+00,2016-01-27 20:40:15.46361+00,178,6,10340.6
mitsubishi,pajero-pinin,120000,2000,1834,88,man,2,5,gasoline,2015-11-27 20:00:20.971912+00,2016-01-27 20:40:15.46361+00,274,3,1550.7
opel,astra,198000,1996,1598,74,man,4,5,gasoline,2015-11-27 20:30:13.7199+00,2016-01-27 20:40:15.46361+00,242,3,599.26
toyota,avensis,61500,2004,1995,85,man,4,5,diesel,2015-11-27 20:30:14.003462+00,2016-01-27 20:40:15.46361+00,233,0,4992.23
audi,a6,28331,2015,2967,240,auto,4,5,diesel,2015-11-27 20:30:25.184188+00,2016-01-27 20:40:15.46361+00,161,1,57882.68
opel,astra,76000,2003,1598,62,man,4,5,gasoline,2015-11-27 20:45:19.539512+00,2016-01-27 20:40:15.46361+00,130,3,3333.49
opel,vectra,180000,1996,1598,74,man,4,5,gasoline,2015-11-27 20:45:30.840034+00,2016-01-27 20:40:15.46361+00,148,5,900.41
seat,ibiza,197000,2000,1390,55,man,2,5,gasoline,2015-11-27 20:45:35.467612+00,2016-01-27 20:40:15.46361+00,126,8,550.07
opel,astra,7024,2015,1598,81,man,4,5,diesel,2015-11-27 21:00:20.357546+00,2016-01-27 20:40:15.46361+00,125,7,12305.48
audi,a1,64000,2011,1598,77,man,2,4,diesel,2015-11-27 21:15:14.714868+00,2016-01-27 20:40:15.46361+00,244,8,10901.63
opel,antara,110700,2008,1991,110,man,4,5,diesel,2015-11-27 21:15:17.643691+00,2016-01-27 20:40:15.46361+00,151,3,10004.44
skoda,rapid,39392,2013,1198,55,man,4,5,gasoline,2015-11-27 21:15:27.049581+00,2016-01-27 20:40:15.46361+00,175,8,8801.3
skoda,fabia,223000,2001,1390,55,man,4,5,gasoline,2015-11-27 21:30:22.830824+00,2016-01-27 20:40:15.46361+00,81,8,1950.85
toyota,corolla-verso,59992,2006,1794,95,auto,4,7,gasoline,2015-11-27 21:30:23.01733+00,2016-01-27 20:40:15.46361+00,231,5,7503.33
nissan,micra,49000,2010,1240,48,man,2,5,gasoline,2015-11-27 21:30:25.120539+00,2016-01-27 20:40:15.46361+00,116,9,4882.16
opel,corsa,4500,2015,1398,66,auto,4,5,gasoline,2015-11-27 22:00:19.308667+00,2016-01-27 20:40:15.46361+00,133,1,12501.55
opel,adam,8500,2015,999,85,man,2,4,gasoline,2015-11-27 22:00:19.670592+00,2016-01-27 20:40:15.46361+00,133,8,14267.32
ford,transit,121800,2007,2198,96,man,4,5,diesel,2015-11-27 22:00:19.841442+00,2016-01-27 20:40:15.46361+00,102,8,12855.7
seat,leon,86470,2010,1390,92,man,4,5,gasoline,2015-11-27 22:30:22.92746+00,2016-01-27 20:40:15.46361+00,177,8,8981.35
bentley,continental-gt,17500,2010,5998,423,auto,2,4,gasoline,2015-11-27 23:00:16.551916+00,2016-01-27 20:40:15.46361+00,81,7,97367.39
bmw,x5,14569,2015,4395,423,auto,4,5,gasoline,2015-11-27 23:00:19.397626+00,2016-01-27 20:40:15.46361+00,136,5,85600.67
hyundai,coupe,78800,2007,1975,105,man,2,4,gasoline,2015-11-27 23:15:10.778441+00,2016-01-27 20:40:15.46361+00,114,3,6991.04
skoda,rapid,29782,2015,1598,66,man,4,4,diesel,2015-11-27 23:30:12.83874+00,2016-01-27 20:40:15.46361+00,278,2,12934.9
suzuki,vitara,226000,1996,1590,71,man,2,2,gasoline,2015-11-27 23:30:20.186853+00,2016-01-27 20:40:15.46361+00,183,8,3790.56
skoda,octavia,174000,2004,1896,74,man,4,5,diesel,2015-11-27 23:30:20.949762+00,2016-01-27 20:40:15.46361+00,122,6,3490.53
skoda,superb,106500,2004,1984,85,man,4,5,gasoline,2015-11-28 00:15:13.738323+00,2016-01-27 20:40:15.46361+00,267,10,5600.81
nissan,qashqai,21550,2015,1197,85,man,4,5,gasoline,2015-11-28 00:30:16.335349+00,2016-01-27 20:40:15.46361+00,202,2,16527.46
fiat,grande-punto,36000,2011,1242,51,man,2,5,gasoline,2015-11-28 00:30:17.091797+00,2016-01-27 20:40:15.46361+00,299,6,6951.04
toyota,yaris,4248,2015,1329,73,man,4,5,gasoline,2015-11-28 00:45:13.590073+00,2016-01-27 20:40:15.46361+00,158,9,14282.12
porsche,panamera,28370,2014,3000,221,auto,4,4,diesel,2015-11-28 01:00:12.717181+00,2016-01-27 20:40:15.46361+00,100,7,62908.33
opel,astra,106000,2007,1796,103,man,4,5,gasoline,2015-11-28 01:15:14.92364+00,2016-01-27 20:40:15.46361+00,271,9,4990.75
opel,insignia,29800,2014,1956,143,auto,4,5,diesel,2015-11-28 01:30:11.873543+00,2016-01-27 20:40:15.46361+00,136,9,22675.35
opel,astra,44848,2010,1398,74,man,4,5,gasoline,2015-11-28 01:45:17.395413+00,2016-01-27 20:40:15.46361+00,218,4,8991.34
audi,a5,87500,2012,1968,130,man,4,5,diesel,2015-11-28 02:00:19.758955+00,2016-01-27 20:40:15.46361+00,249,7,19288.86
skoda,fabia,124214,2005,1390,74,man,5,5,gasoline,2015-11-28 02:00:32.911347+00,2016-01-27 20:40:15.46361+00,194,4,2923.76
mini,cooper,39842,2012,1598,90,man,4,5,gasoline,2015-11-28 02:30:11.901754+00,2016-01-27 20:40:15.46361+00,171,2,13278.98
audi,a5,71339,2012,1968,130,man,4,4,diesel,2015-11-28 03:15:16.615372+00,2016-01-27 20:40:15.46361+00,185,3,21848.22
toyota,iq,18000,2011,1329,72,auto,2,4,gasoline,2015-11-28 03:30:17.812315+00,2016-01-27 20:40:15.46361+00,182,9,16963.51
citroen,ds3,86712,2011,1560,68,man,2,5,diesel,2015-11-28 03:30:18.175531+00,2016-01-27 20:40:15.46361+00,198,0,7438.08
volvo,v60,27000,2013,1984,100,man,4,5,diesel,2015-11-28 03:30:23.66644+00,2016-01-27 20:40:15.46361+00,183,3,20076.98
mitsubishi,colt,33268,2012,1124,55,man,4,5,gasoline,2015-11-28 03:45:11.058782+00,2016-01-27 20:40:15.46361+00,267,0,8901.33
opel,corsa,39228,2009,1364,66,man,4,5,gasoline,2015-11-28 04:00:08.488626+00,2016-01-27 20:40:15.46361+00,289,3,7991.19
citroen,c5,84990,2012,1997,120,auto,4,5,diesel,2015-11-28 04:45:11.021421+00,2016-01-27 20:40:15.46361+00,272,3,13438.97
citroen,berlingo,20800,2014,1560,84,man,4,5,diesel,2015-11-28 04:45:14.78125+00,2016-01-27 20:40:15.46361+00,239,6,12598.85
opel,astra,5000,2015,999,77,man,4,5,gasoline,2015-11-28 04:45:15.008393+00,2016-01-27 20:40:15.46361+00,110,4,15120.24
mitsubishi,pajero,32000,2013,3200,147,auto,4,7,diesel,2015-11-28 04:45:19.375389+00,2016-01-27 20:40:15.46361+00,144,4,31904.74
citroen,ds5,18600,2014,1997,120,auto,4,5,diesel,2015-11-28 05:00:13.960135+00,2016-01-27 20:40:15.46361+00,199,0,21003.11
audi,q5,23250,2015,1968,120,auto,4,5,diesel,2015-11-28 05:00:16.425323+00,2016-01-27 20:40:15.46361+00,241,4,38602.7
ford,focus,26350,2011,1596,77,man,4,5,gasoline,2015-11-28 05:00:20.209264+00,2016-01-27 20:40:15.46361+00,292,8,10931.61
citroen,ds5,69900,2012,1997,120,man,4,5,diesel,2015-11-28 05:15:21.77357+00,2016-01-27 20:40:15.46361+00,118,9,17641.6
chevrolet,captiva,39954,2011,2231,135,man,4,8,diesel,2015-11-28 06:00:26.031559+00,2016-01-27 20:40:15.46361+00,174,3,18000.67
bmw,x5,9578,2015,2993,190,auto,4,5,diesel,2015-11-28 06:45:20.266343+00,2016-01-27 20:40:15.46361+00,241,0,63864.47
smart,fortwo,57000,2011,999,52,auto,2,2,gasoline,2015-11-28 07:30:11.500429+00,2016-01-27 20:40:15.46361+00,261,4,6190.93
skoda,fabia,76861,2009,1198,51,man,4,5,gasoline,2015-11-28 08:15:17.989005+00,2016-01-27 20:40:15.46361+00,265,3,5870.87
opel,astra,74856,2011,1398,74,man,4,5,gasoline,2015-11-28 08:30:17.322207+00,2016-01-27 20:40:15.46361+00,187,6,7991.19
fiat,stilo,99400,2003,1747,98,man,4,5,gasoline,2015-11-28 08:30:25.803032+00,2016-01-27 20:40:15.46361+00,240,9,2900.44
ford,mondeo,47979,2011,2179,147,man,4,5,diesel,2015-11-28 09:00:23.551834+00,2016-01-27 20:40:15.46361+00,292,4,11101.63
skoda,fabia,70500,2007,1390,59,man,4,5,gasoline,2015-11-28 09:15:22.224763+00,2016-01-27 20:40:15.46361+00,190,8,5800.85
ford,kuga,21200,2015,1997,110,man,4,5,diesel,2015-11-28 09:30:28.47436+00,2016-01-27 20:40:15.46361+00,72,5,22600.33
suzuki,alto,71554,2012,996,50,man,4,4,gasoline,2015-11-28 09:30:36.297293+00,2016-01-27 20:40:15.46361+00,77,1,4999.74
ford,mondeo,128341,2006,1800,92,man,5,5,gasoline,2015-11-28 09:45:04.747368+00,2016-01-27 20:40:15.46361+00,183,1,4441.15
fiat,500l,7000,2015,1400,88,man,4,5,gasoline,2015-11-28 09:45:24.530843+00,2016-01-27 20:40:15.46361+00,289,2,14279.13
ford,b-max,4005,2015,998,92,man,4,5,gasoline,2015-11-28 10:00:20.828391+00,2016-01-27 20:40:15.46361+00,158,6,14195.11
opel,tigra,130000,2006,1364,66,man,2,2,gasoline,2015-11-28 10:00:45.309518+00,2016-01-27 20:40:15.46361+00,272,7,4300.63
ford,focus,63000,2009,1560,81,auto,4,5,diesel,2015-11-28 10:15:17.951924+00,2016-01-27 20:40:15.46361+00,203,1,6976.02
bmw,x3,140000,2009,1995,105,man,4,5,diesel,2015-11-28 10:30:18.655698+00,2016-01-27 20:40:15.46361+00,267,10,13992.08
nissan,micra,80800,2010,1386,65,man,2,5,gasoline,2015-11-28 10:30:29.969514+00,2016-01-27 20:40:15.46361+00,225,4,6290.93
suzuki,grand-vitara,185400,2003,1590,69,man,2,4,gasoline,2015-11-28 10:45:35.944725+00,2016-01-27 20:40:15.46361+00,92,6,5970.87
suzuki,ignis,144000,2002,1328,61,man,4,5,gasoline,2015-11-28 10:45:39.23511+00,2016-01-27 20:40:15.46361+00,147,9,1600.22
fiat,punto-evo,83055,2010,1248,55,man,4,5,diesel,2015-11-28 11:00:22.967437+00,2016-01-27 20:40:15.46361+00,237,10,6148.93
subaru,forester,20000,2012,1995,110,man,4,5,gasoline,2015-11-28 11:30:31.117993+00,2016-01-27 20:40:15.46361+00,190,1,18992.82
audi,a1,86900,2011,1197,63,man,2,4,gasoline,2015-11-28 11:30:31.812569+00,2016-01-27 20:40:15.46361+00,231,10,10901.63
opel,mokka,25000,2015,1364,103,man,4,5,gasoline,2015-11-28 11:45:20.0935+00,2016-01-27 20:40:15.46361+00,234,1,16599.44
audi,a1,15600,2014,1197,63,man,4,5,gasoline,2015-11-28 11:45:23.348904+00,2016-01-27 20:40:15.46361+00,129,0,16902.52
audi,q3,14800,2014,1968,103,man,4,5,diesel,2015-11-28 12:00:27.634282+00,2016-01-27 20:40:15.46361+00,288,5,25121.72
ford,ka,52000,2012,1242,51,man,2,4,gasoline,2015-11-28 12:00:28.914901+00,2016-01-27 20:40:15.46361+00,186,5,5705.85
porsche,panamera,47000,2012,2967,184,auto,4,4,diesel,2015-11-28 12:00:32.981859+00,2016-01-27 20:40:15.46361+00,173,10,53561.92
opel,meriva,91000,2008,1598,77,man,4,5,gasoline,2015-11-28 12:00:40.392988+00,2016-01-27 20:40:15.46361+00,276,10,6600.96
volvo,v40,140000,2004,1783,90,man,4,5,gasoline,2015-11-28 12:00:49.487939+00,2016-01-27 20:40:15.46361+00,284,2,4499.67
opel,meriva,10578,2014,1598,81,man,4,5,diesel,2015-11-28 12:15:09.55412+00,2016-01-27 20:40:15.46361+00,102,6,15624.32
toyota,aygo,110000,2007,998,50,man,4,4,gasoline,2015-11-28 12:15:29.611459+00,2016-01-27 20:40:15.46361+00,101,8,3690.56
audi,a6,25400,2015,2967,200,auto,4,5,diesel,2015-11-28 12:15:46.743174+00,2016-01-27 20:40:15.46361+00,180,7,47814.06
audi,q3,16800,2014,1968,103,man,4,5,diesel,2015-11-28 12:15:48.453702+00,2016-01-27 20:40:15.46361+00,138,7,25121.72
audi,s3,6000,2015,1984,221,auto,4,5,gasoline,2015-11-28 12:15:48.520653+00,2016-01-27 20:40:15.46361+00,113,10,40249.96
opel,astra,8000,2015,1598,81,man,4,5,diesel,2015-11-28 12:30:21.262215+00,2016-01-27 20:40:15.46361+00,95,10,17641.6
opel,astra,258000,2000,1598,74,man,4,5,gasoline,2015-11-28 13:00:15.770437+00,2016-01-27 20:40:15.46361+00,222,7,890.12
bmw,x3,158000,2012,1995,135,auto,4,5,diesel,2015-11-28 13:00:25.254035+00,2016-01-27 20:40:15.46361+00,112,4,20086.97
skoda,octavia,135979,2011,1598,77,man,4,5,diesel,2015-11-28 13:15:24.754564+00,2016-01-27 20:40:15.46361+00,257,6,7142.04
audi,a4,191453,2007,1968,103,man,4,5,diesel,2015-11-28 13:15:35.247923+00,2016-01-27 20:40:15.46361+00,110,5,6951.04
skoda,octavia,154140,2011,1598,77,man,5,5,diesel,2015-11-28 13:30:03.859526+00,2016-01-27 20:40:15.46361+00,176,5,9178.39
ford,c-max,77090,2008,1596,74,man,4,5,gasoline,2015-11-28 13:30:17.894385+00,2016-01-27 20:40:15.46361+00,196,5,7951.18
opel,gt,132000,2008,1753,92,man,2,5,diesel,2015-11-28 13:30:26.084922+00,2016-01-27 20:40:15.46361+00,120,2,5200.78
audi,q7,209000,2006,2967,171,auto,4,7,diesel,2015-11-28 13:48:11.871179+00,2016-01-27 20:40:15.46361+00,234,9,14902.22
opel,insignia,169000,2009,1956,118,man,4,5,diesel,2015-11-28 13:48:19.309844+00,2016-01-27 20:40:15.46361+00,127,7,9901.48
opel,antara,72000,2011,2231,120,auto,4,5,diesel,2015-11-28 13:48:39.749229+00,2016-01-27 20:40:15.46361+00,275,5,16452.44
audi,a3,149589,2009,1896,77,man,2,5,diesel,2015-11-28 13:48:46.727195+00,2016-01-27 20:40:15.46361+00,189,4,8800.3
nissan,navara,162000,2008,2488,126,auto,4,5,diesel,2015-11-28 14:00:34.079903+00,2016-01-27 20:40:15.46361+00,190,9,15002.22
citroen,nemo,55433,2011,1248,55,man,4,5,diesel,2015-11-28 14:15:13.364148+00,2016-01-27 20:40:15.46361+00,255,4,7354.07
opel,gt,119450,1999,1199,48,man,2,5,gasoline,2015-11-28 14:15:15.746671+00,2016-01-27 20:40:15.46361+00,257,9,1250.19
opel,astra,48100,2006,1796,103,man,2,4,gasoline,2015-11-28 14:15:35.117977+00,2016-01-27 20:40:15.46361+00,82,6,7451.11
toyota,avensis-verso,179850,2003,1995,85,man,4,6,diesel,2015-11-28 14:15:38.086197+00,2016-01-27 20:40:15.46361+00,180,4,2350.33
opel,vectra,105000,2000,1598,74,man,4,5,gasoline,2015-11-28 14:30:32.913259+00,2016-01-27 20:40:15.46361+00,88,8,3000.44
seat,leon,79000,2006,1597,77,man,4,5,gasoline,2015-11-28 14:45:23.438243+00,2016-01-27 20:40:15.46361+00,290,6,5590.82
ford,focus,127000,2006,1560,80,man,4,5,diesel,2015-11-28 15:00:23.755786+00,2016-01-27 20:40:15.46361+00,96,2,2999.44
audi,a6,118041,2012,1968,130,auto,4,5,diesel,2015-11-28 15:00:25.240845+00,2016-01-27 20:40:15.46361+00,72,1,16515.43
opel,corsa,90000,2007,1229,59,man,4,5,gasoline,2015-11-28 15:00:27.665931+00,2016-01-27 20:40:15.46361+00,291,9,4999.74
ford,focus,15938,2015,1596,92,man,4,5,gasoline,2015-11-28 15:00:28.293467+00,2016-01-27 20:40:15.46361+00,217,2,10741.6
opel,astra,39800,2013,1956,121,man,4,5,diesel,2015-11-28 15:00:41.794114+00,2016-01-27 20:40:15.46361+00,133,4,14100.07
audi,a8,222080,2004,5998,331,auto,4,5,gasoline,2015-11-28 15:00:49.533812+00,2016-01-27 20:40:15.46361+00,201,2,12951.92
bmw,x6,64321,2012,4395,300,auto,4,5,gasoline,2015-11-28 15:15:26.870599+00,2016-01-27 20:40:15.46361+00,129,7,48807.22
ford,fiesta,87557,2007,1399,50,auto,4,5,diesel,2015-11-28 15:15:42.236735+00,2016-01-27 20:40:15.46361+00,262,1,4500.67
ford,focus,203100,2012,1560,70,man,4,5,diesel,2015-11-28 15:15:42.539687+00,2016-01-27 20:40:15.46361+00,84,10,6622.98
toyota,avensis,138000,2003,1794,95,man,4,5,gasoline,2015-11-28 15:30:33.965837+00,2016-01-27 20:40:15.46361+00,223,3,4990.75
porsche,panamera,136450,2010,4806,294,auto,4,4,gasoline,2015-11-28 15:30:37.828587+00,2016-01-27 20:40:15.46361+00,206,6,35215.21
mitsubishi,outlander,146100,2007,1968,103,man,4,5,diesel,2015-11-28 15:45:24.716338+00,2016-01-27 20:40:15.46361+00,195,2,9991.49
audi,a6,180000,2005,2967,165,auto,4,5,diesel,2015-11-28 15:45:25.592755+00,2016-01-27 20:40:15.46361+00,120,5,7391.08
audi,a4,210000,2001,1984,96,man,4,5,gasoline,2015-11-28 15:45:27.348173+00,2016-01-27 20:40:15.46361+00,105,4,3799.56
seat,exeo,189900,2012,1968,125,man,4,5,diesel,2015-11-28 15:45:34.482608+00,2016-01-27 20:40:15.46361+00,247,2,8404.26
skoda,fabia,95000,2006,1198,47,man,4,5,gasoline,2015-11-28 16:15:11.989571+00,2016-01-27 20:40:15.46361+00,240,9,3400.52
audi,a1,1100,2015,999,70,auto,4,4,gasoline,2015-11-28 16:15:42.310037+00,2016-01-27 20:40:15.46361+00,261,6,21788.23
opel,astra,120000,2005,1998,125,man,2,5,gasoline,2015-11-28 16:30:18.414191+00,2016-01-27 20:40:15.46361+00,197,7,7501.11
audi,q3,64200,2012,1968,130,auto,4,5,diesel,2015-11-29 00:00:21.521521+00,2015-12-14 00:03:04.996254+00,263,2,28904.29
skoda,citigo,50245,2012,999,55,man,4,4,gasoline,2015-11-29 00:30:08.739331+00,2015-12-14 00:04:08.851075+00,76,2,8991.34
nissan,qashqai,126351,2010,1994,110,man,4,5,diesel,2015-11-29 02:00:11.895965+00,2016-01-07 00:42:39.096081+00,109,4,10201.52
fiat,500l,39700,2014,1248,62,man,4,5,diesel,2015-11-29 04:45:07.809313+00,2015-12-14 00:19:59.288406+00,228,2,11886.75
subaru,outback,87756,2009,1998,110,man,4,5,diesel,2015-11-29 07:30:09.121854+00,2015-12-26 06:49:08.431114+00,130,5,10301.52
ford,focus,19223,2015,1498,88,man,4,5,diesel,2015-11-29 07:30:11.540419+00,2015-12-19 04:49:21.226903+00,153,2,14695.19
opel,meriva,87500,2009,1598,77,man,4,5,gasoline,2015-11-29 08:00:07.617095+00,2016-01-17 20:24:33.019371+00,262,1,7491.12
bmw,x3,111949,2011,1995,135,man,4,5,diesel,2015-11-29 08:30:12.486144+00,2016-01-23 09:35:12.305087+00,183,0,20078.98
bmw,x1,21609,2012,1995,105,man,4,5,diesel,2015-11-29 08:30:20.32554+00,2015-12-14 00:20:39.524223+00,166,9,20927.09
ford,transit,104500,2009,2198,85,man,4,9,diesel,2015-11-29 09:03:10.80305+00,2016-02-10 20:25:18.521211+00,149,1,11591.71
opel,corsa,70000,2010,1229,63,man,4,5,gasoline,2015-11-29 09:03:25.015633+00,2015-12-17 06:34:53.435657+00,149,3,6881.01
chevrolet,nubira,120000,2007,1598,80,man,4,5,gasoline,2015-11-29 09:45:18.750472+00,2016-02-10 19:55:23.175826+00,88,2,4990.75
bmw,z3,211497,1999,3201,236,man,2,2,gasoline,2015-11-29 10:15:16.439615+00,2016-02-10 20:37:32.224328+00,98,6,19952.96
opel,zafira,256000,2008,1910,110,man,4,7,diesel,2015-11-29 10:15:29.76707+00,2015-12-14 00:18:05.534658+00,249,9,5299.78
bmw,x1,163140,2011,1995,130,man,4,5,diesel,2015-11-29 10:15:34.10302+00,2016-02-10 20:16:43.693206+00,221,10,15506.29
seat,altea,76000,2007,1595,75,man,4,5,gasoline,2015-11-29 10:15:49.46714+00,2015-12-14 00:16:54.67252+00,198,9,7501.11
mercedes-benz,vito,63211,2011,2143,70,man,4,3,diesel,2015-11-29 10:30:13.950364+00,2015-12-23 04:33:37.439989+00,201,9,10084.49
fiat,qubo,99362,2010,1248,55,man,4,5,diesel,2015-11-29 11:15:12.063095+00,2016-02-10 19:11:50.493884+00,233,8,6951.04
mitsubishi,asx,69720,2010,1590,86,man,4,5,gasoline,2015-11-29 11:15:35.377663+00,2015-12-14 00:17:50.88322+00,126,0,10043.49
opel,astra,167000,2003,1686,55,man,4,5,diesel,2015-11-29 11:30:22.910583+00,2015-12-14 00:17:10.793725+00,236,10,1400.22
citroen,c5,137563,2012,1560,84,auto,4,5,diesel,2015-11-29 11:31:14.197902+00,2016-02-10 18:58:14.731884+00,270,9,7500.11
ford,mondeo,122479,2002,1798,81,man,4,5,gasoline,2015-11-29 11:45:19.530721+00,2015-12-14 00:15:55.093564+00,222,8,2200.33
chrysler,pt-cruiser,126400,2004,2429,105,man,2,4,gasoline,2015-11-29 12:30:24.718751+00,2015-12-14 00:32:17.033322+00,205,9,2990.45
seat,mii,29000,2013,999,55,man,2,4,gasoline,2015-11-29 12:30:30.228085+00,2016-01-27 01:09:03.869528+00,209,2,8291.23
seat,toledo,220000,2005,1968,103,man,4,5,diesel,2015-11-29 13:15:15.473158+00,2015-12-17 06:45:33.840752+00,87,4,3700.56
skoda,octavia,2580,2015,1968,135,man,4,5,diesel,2015-11-29 13:15:21.325905+00,2015-12-14 00:32:21.931157+00,119,1,23104.4
opel,astra,157000,2001,1598,62,man,4,5,gasoline,2015-11-29 13:15:33.539344+00,2015-12-15 09:51:39.61129+00,114,6,1500.22
audi,a3,135900,2007,1896,77,man,2,5,diesel,2015-11-29 13:30:33.797296+00,2015-12-14 00:33:44.089792+00,270,10,6300.93
seat,toledo,195000,2005,1595,75,man,4,5,gasoline,2015-11-29 13:45:30.438096+00,2015-12-14 00:33:14.964038+00,226,3,3450.52
audi,a6,218286,2006,1968,103,man,4,5,diesel,2015-11-29 13:45:37.906797+00,2015-12-14 00:33:40.326071+00,187,7,7901.18
ford,focus,186000,2000,1796,85,man,4,5,gasoline,2015-11-29 14:00:17.852902+00,2015-12-14 00:32:29.439895+00,80,5,799.11
ford,transit,161000,2004,2402,92,man,4,2,diesel,2015-11-29 14:15:11.465204+00,2015-12-14 00:31:44.669215+00,236,5,2490.38
skoda,octavia,170000,2000,1896,66,man,4,5,diesel,2015-11-29 14:30:29.468892+00,2015-12-14 00:31:00.049882+00,105,4,2850.41
fiat,500l,20694,2014,1368,88,man,4,5,gasoline,2015-11-29 14:31:06.532067+00,2015-12-15 09:50:24.282331+00,198,1,10270.5
opel,astra,73670,2012,2000,121,man,4,5,diesel,2015-11-29 14:45:12.185624+00,2016-02-10 19:16:00.76682+00,111,7,13001.92
seat,alhambra,78000,2011,1968,103,man,4,7,diesel,2015-11-29 15:00:28.765675+00,2015-12-19 04:49:45.281419+00,95,3,21803.22
subaru,justy,17000,2011,998,51,man,4,5,gasoline,2015-11-29 15:00:35.144927+00,2015-12-22 04:05:15.482681+00,117,1,6200.93
ford,mondeo,236000,2012,2179,147,man,4,5,diesel,2015-11-29 15:30:11.681029+00,2016-02-10 18:52:17.409797+00,97,4,9591.41
opel,insignia,3600,2014,1362,103,man,4,5,gasoline,2015-11-29 16:00:30.64992+00,2016-02-10 19:01:55.323741+00,129,8,22903.4
honda,civic,81919,2009,1339,73,man,2,5,gasoline,2015-11-29 17:00:58.116579+00,2016-01-27 01:14:43.816894+00,191,3,7101.04
opel,astra,120000,2013,1686,81,man,4,5,diesel,2015-11-29 17:30:27.645588+00,2015-12-14 00:57:17.342314+00,293,10,10001.48
hyundai,santa-fe,57700,2004,1991,83,auto,4,5,diesel,2015-11-29 18:03:24.441605+00,2016-01-23 09:41:01.755706+00,128,4,7223.06
citroen,berlingo,250000,2007,1560,55,man,4,5,diesel,2015-11-29 18:15:04.091614+00,2015-12-14 20:52:27.685771+00,265,4,3145.82
opel,astra,255000,1998,1796,85,man,2,5,gasoline,2015-11-29 18:30:17.101053+00,2016-01-27 01:14:33.426717+00,133,8,2200.33
ford,mondeo,355000,2002,1998,96,auto,4,5,diesel,2015-11-29 18:30:18.058437+00,2016-01-20 21:39:31.924249+00,280,8,1000.15
audi,a3,56500,2009,1390,92,man,4,5,gasoline,2015-11-29 18:30:18.761347+00,2015-12-23 04:47:32.645359+00,190,4,11950.78
hyundai,sonata,94000,2008,1998,121,man,4,5,gasoline,2015-11-29 18:45:46.038585+00,2016-02-10 19:08:52.751547+00,296,1,6950.04
chevrolet,spark,14500,2012,995,50,man,4,5,gasoline,2015-11-29 19:00:42.076132+00,2016-01-01 00:02:50.261991+00,178,7,6490.97
ford,mondeo,14188,2014,1997,103,auto,4,5,diesel,2015-11-29 19:30:39.149527+00,2016-02-10 20:10:20.901189+00,93,9,19750.93
ford,mondeo,22275,2014,1997,103,auto,4,5,diesel,2015-11-29 19:30:48.855733+00,2015-12-31 14:46:38.628521+00,111,5,18481.72
audi,q3,8930,2014,1984,155,auto,4,5,gasoline,2015-11-29 19:45:12.234786+00,2016-01-20 21:59:29.014612+00,293,8,40746.04
skoda,fabia,10900,2007,1422,59,man,5,5,diesel,2015-11-29 20:00:04.73111+00,2015-12-14 16:35:06.831162+00,208,5,3293.86
nissan,qashqai,35477,2012,1598,96,man,4,7,diesel,2015-11-29 20:00:23.755313+00,2016-02-10 20:10:19.82847+00,241,3,19002.81
opel,insignia,191217,2010,1956,118,man,4,5,diesel,2015-11-29 20:15:15.882113+00,2016-01-27 01:19:41.522115+00,192,9,9301.37
skoda,fabia,35661,2001,1390,55,auto,4,5,gasoline,2015-11-29 20:30:27.454823+00,2015-12-14 01:18:30.099314+00,277,6,3499.52
mitsubishi,space,132121,2001,1584,72,man,4,5,gasoline,2015-11-29 20:45:11.299368+00,2015-12-15 10:17:20.448551+00,145,4,1199.19
nissan,qashqai,95022,2010,1598,84,man,4,7,gasoline,2015-11-29 20:45:22.757536+00,2016-02-10 19:54:12.383027+00,295,1,12500.85
opel,astra,124000,2003,1686,59,man,4,5,diesel,2015-11-29 20:45:28.428957+00,2015-12-14 01:17:54.641521+00,107,6,2799.41
opel,corsa,50000,2012,1686,96,man,4,5,diesel,2015-11-29 20:45:28.790804+00,2015-12-14 01:18:32.891417+00,206,8,10951.63
opel,insignia,12650,2014,2800,239,man,4,5,gasoline,2015-11-29 21:00:12.85259+00,2016-02-10 19:59:58.33413+00,141,9,28130.16
ford,cougar,163821,2000,1988,96,man,2,4,gasoline,2015-11-29 21:00:24.379852+00,2016-01-20 21:59:44.494779+00,258,8,1499.22
audi,a3,144000,2008,1968,103,man,2,5,diesel,2015-11-29 21:45:19.661463+00,2015-12-14 01:18:24.313941+00,178,8,7201.07
chrysler,300c,196000,2007,2987,160,auto,4,5,diesel,2015-11-29 23:00:10.277558+00,2015-12-14 01:17:09.512532+00,236,3,6701
audi,a4,138393,2006,1984,147,auto,2,4,gasoline,2015-11-29 23:15:18.934921+00,2015-12-15 20:18:34.255392+00,76,3,9999.48
opel,zafira,18000,2014,1796,103,man,4,7,gasoline,2015-11-29 23:30:38.959297+00,2016-02-10 19:56:50.058855+00,187,0,13438.97
skoda,fabia,102678,2001,1400,50,man,5,5,gasoline,2015-11-29 23:45:05.100176+00,2015-12-15 23:15:17.165098+00,116,8,2368.62
skoda,fabia,182415,2003,1400,50,man,4,5,gasoline,2015-11-29 23:45:05.113783+00,2015-12-15 23:15:21.327699+00,297,10,1961.51
skoda,fabia,219318,2004,1200,47,man,5,5,gasoline,2015-11-30 00:15:04.31892+00,2015-12-18 19:20:07.97081+00,246,4,1924.5
smart,forfour,156747,2004,1332,70,man,4,4,gasoline,2015-11-30 00:15:10.173083+00,2015-12-14 01:16:53.681815+00,155,2,2800.41
hyundai,matrix,86321,2003,1795,90,man,5,5,gasoline,2015-11-30 02:00:23.594125+00,2016-01-19 00:41:11.188077+00,182,1,2220.58
opel,meriva,170175,2006,1598,77,man,4,5,gasoline,2015-11-30 02:15:18.775815+00,2015-12-30 21:05:31.578436+00,134,2,3959.59
fiat,doblo,100000,2009,1368,57,man,4,5,gasoline,2015-11-30 02:15:30.367363+00,2015-12-22 04:31:47.312355+00,79,3,5490.82
opel,corsa,224831,2002,1199,55,man,2,5,gasoline,2015-11-30 02:15:53.828001+00,2015-12-14 01:15:56.004017+00,90,1,1650.26
opel,corsa,133454,2007,1229,59,man,4,5,gasoline,2015-11-30 02:16:08.723845+00,2015-12-14 01:17:03.363344+00,164,7,4027.61
audi,a3,156690,2006,1968,103,man,4,5,diesel,2015-11-30 02:16:46.964095+00,2015-12-14 01:15:21.175813+00,141,1,9951.48
volvo,xc90,17000,2015,1969,165,auto,4,7,diesel,2015-11-30 02:16:52.406222+00,2016-02-10 19:18:56.174346+00,95,1,58748.7
fiat,doblo,131000,2006,1368,57,man,4,5,gasoline,2015-11-30 02:16:58.255128+00,2016-02-10 19:18:55.509844+00,120,10,4990.75
ford,focus,38508,2011,1596,110,man,4,5,gasoline,2015-11-30 03:00:16.696125+00,2015-12-14 01:32:46.49346+00,76,2,13992.08
ford,transit,101229,2012,2200,74,man,4,3,diesel,2015-11-30 04:45:15.7667+00,2016-02-10 20:31:14.748892+00,171,3,9770.43
lancia,y,17900,2015,1242,51,man,4,5,gasoline,2015-11-30 05:00:26.030872+00,2015-12-14 01:33:27.591331+00,267,5,8771.28
mitsubishi,outlander,124000,2010,2179,115,auto,4,5,diesel,2015-11-30 05:15:33.1389+00,2015-12-14 01:32:50.072782+00,251,1,12901.92
fiat,croma,140233,2006,1910,110,man,4,5,diesel,2015-11-30 06:00:26.05483+00,2015-12-14 01:33:08.26488+00,129,5,2499.37
opel,astra,183200,1996,1598,74,man,4,5,gasoline,2015-11-30 06:30:09.615686+00,2015-12-14 01:32:50.127365+00,94,4,299.04
skoda,superb,33005,2015,1968,125,man,4,5,diesel,2015-11-30 06:45:06.853985+00,2016-02-10 20:33:47.228076+00,298,5,19228.83
citroen,berlingo,106850,2010,1560,80,man,4,5,diesel,2015-11-30 07:15:30.653074+00,2015-12-14 01:31:41.069726+00,156,4,7486.12
toyota,auris,9500,2015,1598,97,man,4,5,gasoline,2015-11-30 07:30:12.217309+00,2016-02-10 19:17:08.410176+00,99,0,16443.45
toyota,yaris,189000,2001,1298,64,man,2,5,gasoline,2015-11-30 07:30:14.910639+00,2015-12-14 01:33:04.841506+00,211,6,2000.3
toyota,corolla-verso,190000,2006,1794,95,man,4,7,gasoline,2015-11-30 07:30:15.505068+00,2015-12-14 01:31:01.467594+00,113,10,4400.67
bmw,x5,286000,2005,2993,160,auto,4,5,diesel,2015-11-30 07:45:21.463903+00,2016-02-10 20:05:10.235248+00,243,8,8691.3
mitsubishi,colt,106000,2004,1124,55,man,4,5,gasoline,2015-11-30 07:45:42.533981+00,2016-02-10 19:00:45.932867+00,88,0,2950.44
toyota,yaris,42894,2011,1329,73,man,4,5,gasoline,2015-11-30 07:46:11.481834+00,2016-01-02 18:06:28.949112+00,103,6,9801.44
toyota,verso,7000,2015,1998,82,man,4,5,diesel,2015-11-30 07:46:19.4216+00,2016-02-10 20:34:12.921091+00,273,1,20423.02
seat,ibiza,154500,2003,1390,55,man,2,5,gasoline,2015-11-30 08:00:29.647618+00,2015-12-14 01:49:04.868122+00,181,9,2950.44
toyota,fj-cruiser,127500,2007,3956,178,auto,2,5,gasoline,2015-11-30 08:00:36.162055+00,2016-02-10 20:07:59.079105+00,285,5,19288.86
mazda,cx-9,60000,2010,3726,204,auto,4,6,gasoline,2015-11-30 08:15:18.374449+00,2015-12-13 12:02:19.177502+00,244,3,20001.96
opel,meriva,5900,2014,1364,103,auto,4,5,gasoline,2015-11-30 08:15:20.374529+00,2015-12-13 12:01:05.832033+00,125,3,16784.49
citroen,berlingo,230800,2009,1560,80,man,4,5,diesel,2015-11-30 08:15:29.319392+00,2015-12-13 12:02:56.42115+00,205,4,4650.7
audi,coupe,98000,2006,1984,147,man,2,4,gasoline,2015-11-30 08:15:49.26899+00,2015-12-13 12:01:06.072521+00,197,2,11801.74
opel,zafira,149000,2001,1796,92,man,4,7,gasoline,2015-11-30 08:15:50.5955+00,2015-12-13 12:01:06.582475+00,240,0,2690.41
opel,insignia,92313,2009,1956,118,man,4,5,diesel,2015-11-30 08:30:18.589956+00,2016-02-10 20:19:38.596251+00,226,5,13952.07
nissan,note,6000,2015,1461,66,man,4,5,diesel,2015-11-30 09:00:33.508976+00,2016-02-10 20:20:24.4652+00,143,5,13438.97
suzuki,swift,140000,2005,1490,75,man,4,5,gasoline,2015-11-30 09:00:49.451974+00,2016-02-10 20:11:31.059664+00,281,6,4990.75
volvo,v60,45750,2013,1984,100,man,4,5,diesel,2015-11-30 09:00:57.441997+00,2016-02-10 19:53:56.720995+00,225,4,21726.2
opel,corsa,9000,2014,1398,66,man,2,5,gasoline,2015-11-30 09:01:25.330432+00,2016-02-10 20:20:02.600351+00,277,7,10077.5
audi,q5,142000,2010,2967,176,auto,4,5,diesel,2015-11-30 09:15:27.155369+00,2015-12-17 00:48:08.576367+00,241,3,25903.85
porsche,cayenne,169000,2008,4806,298,man,4,5,gasoline,2015-11-30 09:15:55.238274+00,2015-12-23 14:47:31.475626+00,113,6,18772.76
citroen,c1,26900,2010,998,50,man,2,4,gasoline,2015-11-30 09:16:13.261695+00,2016-02-10 19:54:02.333632+00,235,2,4990.75
opel,adam,3500,2015,1398,64,man,2,4,gasoline,2015-11-30 09:30:42.611284+00,2016-02-10 20:20:27.069517+00,74,6,11934.75
ford,mondeo,69000,2011,1560,85,man,4,5,diesel,2015-11-30 09:30:56.59976+00,2015-12-13 12:05:07.700901+00,246,4,10000.48
skoda,octavia,59000,2013,1598,77,auto,4,5,diesel,2015-11-30 09:31:03.977272+00,2016-02-10 20:09:27.638899+00,262,7,12334.83
kia,cerato,109000,2005,1975,105,man,4,5,gasoline,2015-11-30 09:31:04.145538+00,2016-01-25 17:30:17.916865+00,76,5,3500.52
opel,corsa,2250,2015,1398,74,man,4,5,gasoline,2015-11-30 09:46:42.141272+00,2016-02-10 20:25:04.182521+00,156,4,12560.84
kia,sportage,36370,2010,1975,104,man,4,5,gasoline,2015-11-30 09:46:44.210198+00,2015-12-13 12:01:05.922718+00,122,3,9951.48
seat,leon,26475,2014,1598,77,man,4,5,diesel,2015-11-30 09:46:48.289094+00,2015-12-13 12:01:01.027457+00,89,0,15972.35
bmw,x5,179000,2003,2926,135,auto,4,5,diesel,2015-11-30 10:00:22.21486+00,2015-12-17 00:46:07.378506+00,276,9,7901.18
opel,antara,39166,2014,2231,135,auto,4,5,diesel,2015-11-30 10:00:30.611711+00,2016-02-10 20:06:21.030181+00,90,6,22230.27
opel,astra,11189,2014,1364,103,man,4,5,gasoline,2015-11-30 10:00:39.97038+00,2016-02-10 19:19:25.383165+00,189,0,13405
opel,meriva,13229,2014,1368,103,auto,4,5,gasoline,2015-11-30 10:00:46.066689+00,2015-12-13 12:00:40.54372+00,297,8,14834.2
nissan,note,206000,2008,1386,65,man,4,5,gasoline,2015-11-30 10:15:10.437972+00,2015-12-13 20:47:36.460069+00,79,6,2999.44
audi,a4,88170,2012,1968,105,auto,4,5,diesel,2015-11-30 10:15:45.319621+00,2015-12-13 20:52:33.630132+00,103,8,16892.49
ford,escort,71000,1995,1391,55,man,4,5,gasoline,2015-11-30 10:15:56.294282+00,2016-02-10 18:52:05.803182+00,171,9,1590.23
audi,s5,29870,2014,2995,245,auto,2,4,gasoline,2015-11-30 10:16:03.843577+00,2015-12-13 20:53:21.805766+00,236,8,37805.59
mitsubishi,colt,78062,2008,1332,70,auto,4,5,gasoline,2015-11-30 10:30:18.236432+00,2016-01-17 17:44:32.503834+00,196,8,7801.15
volvo,v70,20800,2013,1984,120,man,4,5,diesel,2015-11-30 10:30:40.667767+00,2016-02-10 19:55:00.00254+00,149,7,28533.23
skoda,octavia,186400,2004,1896,77,auto,4,5,diesel,2015-11-30 10:30:43.549985+00,2015-12-13 20:50:01.281967+00,172,6,5500.81
opel,vectra,187000,1997,1598,74,man,4,5,gasoline,2015-11-30 10:30:44.560332+00,2015-12-13 20:50:04.551898+00,218,9,990.16
chrysler,pt-cruiser,92000,2001,1996,104,man,4,5,gasoline,2015-11-30 10:30:53.256216+00,2015-12-13 20:50:16.50299+00,210,1,2200.33
citroen,ds4,23670,2015,1997,120,man,4,5,diesel,2015-11-30 10:30:57.837284+00,2016-02-10 19:55:49.778749+00,211,1,16321.43
suzuki,grand-vitara,89000,2008,1995,103,auto,4,5,gasoline,2015-11-30 10:31:17.351669+00,2015-12-18 21:48:17.508284+00,188,2,10000.48
audi,a3,113500,2000,1595,74,man,2,5,gasoline,2015-11-30 10:46:01.994431+00,2016-02-10 19:00:32.320148+00,266,5,4300.63
ford,fusion,230000,2003,1399,50,man,4,5,diesel,2015-11-30 10:46:04.934592+00,2016-02-10 19:00:40.53696+00,245,5,1950.3
toyota,yaris,18371,2015,1497,55,auto,4,5,gasoline,2015-11-30 11:16:58.974405+00,2016-02-10 20:36:05.589092+00,93,5,13438.97
ford,fiesta,1500,2014,1242,60,man,2,5,gasoline,2015-11-30 11:31:06.383383+00,2016-02-10 20:08:24.840804+00,191,5,10917.62
audi,tt,113000,2001,1781,110,man,2,2,gasoline,2015-11-30 11:31:13.763419+00,2015-12-14 01:48:57.661793+00,295,9,4350.63
skoda,fabia,20652,2015,1200,81,man,5,5,gasoline,2015-11-30 11:45:02.708954+00,2015-12-14 04:32:39.048222+00,226,10,12805.33
chrysler,grand-voyager,290000,2000,3778,131,auto,4,6,gasoline,2015-11-30 11:45:19.491351+00,2015-12-14 01:47:18.686256+00,196,8,1199.19
skoda,octavia,103240,2005,1595,75,man,4,5,gasoline,2015-11-30 12:00:50.00863+00,2016-01-27 02:37:52.359757+00,250,1,4480.68
lancia,delta,140000,2011,1598,88,man,4,5,diesel,2015-11-30 12:00:57.615121+00,2016-01-17 22:03:01.31763+00,169,0,9000.33
audi,q5,71000,2012,1968,125,auto,4,5,diesel,2015-11-30 12:01:01.224309+00,2016-02-10 18:58:18.878806+00,114,5,32504.81
opel,mokka,14500,2015,1364,103,auto,4,5,gasoline,2015-11-30 12:01:12.974763+00,2015-12-29 12:06:17.226073+00,247,2,19160.84
porsche,cayenne,78600,2011,2967,176,auto,4,5,diesel,2015-11-30 12:01:14.733375+00,2016-02-10 20:31:55.054102+00,178,5,48907.25
opel,omega,200000,2000,1998,100,man,4,5,gasoline,2015-11-30 12:01:15.977458+00,2015-12-14 01:47:03.535736+00,100,7,500.07
nissan,juke,28000,2012,1618,140,auto,4,5,gasoline,2015-11-30 12:15:14.411327+00,2016-02-10 20:11:09.513618+00,103,6,17001.52
skoda,fabia,112000,2012,1598,55,man,4,2,diesel,2015-11-30 12:15:22.848043+00,2016-02-10 19:58:03.189969+00,173,4,6218.91
nissan,almera,168400,2003,1461,60,man,4,5,diesel,2015-11-30 12:15:44.195217+00,2015-12-14 01:46:55.585143+00,279,1,1190.19
mini,cooper-s,112000,2008,1598,128,man,2,4,gasoline,2015-11-30 12:30:18.649904+00,2015-12-15 10:22:16.947922+00,290,3,10000.48
audi,a4,48000,2004,1781,120,auto,4,5,gasoline,2015-11-30 12:30:59.504821+00,2016-01-18 05:33:48.527586+00,234,5,7991.19
skoda,superb,343121,2010,1968,103,man,5,5,diesel,2015-11-30 12:45:05.606086+00,2016-02-10 20:28:41.181488+00,138,7,8878.61
opel,astra,22664,2014,1686,96,man,4,5,diesel,2015-11-30 12:45:12.796678+00,2016-01-17 21:41:29.610083+00,254,9,14111.1
mitsubishi,pajero,162500,2006,3200,118,auto,2,5,diesel,2015-11-30 12:46:51.623466+00,2015-12-14 01:45:58.589898+00,210,2,9501.41
opel,vivaro,180000,2005,1870,74,man,4,3,diesel,2015-11-30 13:01:52.124845+00,2016-02-10 19:50:15.85774+00,116,3,4700.7
citroen,c4-picasso,170000,2010,1997,110,man,4,7,diesel,2015-11-30 13:18:35.884057+00,2015-12-14 15:33:32.780823+00,168,8,7101.04
toyota,avensis,82000,2005,1794,95,man,4,5,gasoline,2015-11-30 13:18:40.116675+00,2016-02-10 19:47:38.382167+00,185,8,5950.89
fiat,panda,25000,2014,1242,51,man,4,4,gasoline,2015-11-30 13:18:53.900101+00,2015-12-28 23:49:45.116064+00,107,6,8201.22
hyundai,i10,45574,2013,998,48,man,4,5,gasoline,2015-11-30 13:19:01.800961+00,2015-12-29 06:16:44.344302+00,249,7,7901.18
toyota,avensis,178000,2002,1998,110,man,4,5,gasoline,2015-11-30 13:30:38.759413+00,2016-01-26 13:32:58.319421+00,287,0,1999.3
mazda,demio,97500,2002,1498,55,man,4,5,gasoline,2015-11-30 13:30:47.418871+00,2016-01-17 13:22:12.498815+00,260,6,2480.38
opel,astra,180000,2003,1598,76,man,4,5,gasoline,2015-11-30 13:31:00.378301+00,2016-01-23 01:47:30.10731+00,102,2,2190.34
opel,zafira,288000,2002,1796,92,man,4,7,gasoline,2015-11-30 13:31:11.236457+00,2015-12-24 00:16:43.638173+00,73,5,2200.33
ford,focus,38500,2013,1560,85,man,4,5,diesel,2015-11-30 13:45:13.869058+00,2016-02-10 20:13:09.584739+00,199,8,14992.23
nissan,qashqai,57150,2011,1995,110,man,4,7,diesel,2015-11-30 13:46:17.991001+00,2015-12-18 00:36:10.370947+00,87,8,16402.44
bmw,m3,36000,2011,3999,309,auto,2,4,gasoline,2015-11-30 13:46:34.274956+00,2015-12-29 06:17:19.137743+00,157,6,41906.22
audi,a5,102255,2010,1968,105,auto,4,4,diesel,2015-11-30 13:46:55.119626+00,2015-12-18 23:36:16.421476+00,98,5,22803.37
mini,cooper,18415,2015,1598,82,man,4,5,diesel,2015-11-30 13:47:04.625006+00,2015-12-30 07:38:17.181701+00,296,6,18772.76
ford,c-max,115847,2011,1560,85,man,4,5,diesel,2015-11-30 13:47:16.79669+00,2015-12-13 14:35:02.295756+00,283,4,11901.78
citroen,c8,123000,2015,1997,118,auto,4,7,diesel,2015-11-30 14:00:13.822812+00,2016-01-17 13:45:19.62311+00,177,5,12214.8
opel,meriva,87000,2010,1686,81,man,4,5,diesel,2015-11-30 14:00:14.160757+00,2016-02-10 20:21:09.149316+00,274,2,9427.39
audi,a3,196500,2006,1968,103,man,4,5,diesel,2015-11-30 14:00:49.070296+00,2015-12-15 04:49:55.882738+00,148,10,6751
kia,sorento,124000,2010,2199,145,man,4,5,diesel,2015-11-30 14:00:59.35976+00,2016-02-10 20:13:13.866933+00,246,0,14502.15
opel,corsa,178000,2007,1229,59,man,2,5,gasoline,2015-11-30 14:01:03.909336+00,2015-12-13 14:33:37.835053+00,182,8,3100.44
skoda,roomster,125000,2010,1198,51,man,4,5,gasoline,2015-11-30 14:01:26.435657+00,2016-02-10 20:33:15.907453+00,251,9,7501.11
skoda,octavia,114000,2011,1968,81,man,4,5,diesel,2015-11-30 14:01:35.760644+00,2015-12-14 14:50:24.246208+00,198,0,12951.92
fiat,punto,36095,2011,1242,50,man,2,5,gasoline,2015-11-30 14:15:15.727773+00,2016-02-10 20:17:41.565176+00,166,7,7681.13
toyota,verso,2500,2013,1998,91,man,4,5,diesel,2015-11-30 14:15:44.810256+00,2016-02-10 18:50:28.862859+00,215,9,14279.13
audi,a4,67906,2005,3123,188,auto,4,5,gasoline,2015-11-30 14:16:32.958504+00,2016-02-10 20:33:17.6398+00,113,4,8991.34
smart,forfour,3800,2015,999,52,man,4,4,gasoline,2015-11-30 14:30:21.36466+00,2015-12-13 14:34:46.320478+00,115,9,9245.37
volvo,xc90,232000,2005,2401,136,man,4,7,diesel,2015-11-30 14:30:30.130403+00,2015-12-13 14:34:51.982326+00,82,3,8501.26
fiat,500l,1500,2015,1598,88,man,4,5,diesel,2015-11-30 14:30:40.105257+00,2016-02-10 20:08:13.081995+00,104,9,14271.1
audi,rs5,35900,2013,4163,331,auto,2,5,gasoline,2015-11-30 14:31:04.660688+00,2016-01-05 17:35:20.216276+00,83,10,59908.88
mitsubishi,pajero,106262,2008,3200,125,auto,4,7,diesel,2015-11-30 14:46:26.238586+00,2016-02-10 19:45:06.751382+00,80,3,20001.96
honda,civic,93027,1996,1396,66,auto,4,5,gasoline,2015-11-30 14:46:54.07515+00,2016-02-10 19:49:22.917245+00,285,10,1490.23
opel,astra,176720,1998,1598,74,man,4,5,gasoline,2015-11-30 14:47:01.040091+00,2015-12-14 02:04:38.839494+00,267,9,849.11
skoda,fabia,127000,2008,1896,77,man,4,5,diesel,2015-11-30 14:47:15.006096+00,2016-02-10 18:56:55.24284+00,229,8,4836.71
skoda,yeti,75448,2011,1197,77,man,4,5,gasoline,2015-11-30 14:47:34.677253+00,2016-02-10 19:12:34.420575+00,131,8,10601.55
chevrolet,aveo,104368,2008,1150,53,man,4,5,gasoline,2015-11-30 15:00:27.111755+00,2016-02-10 20:06:51.816143+00,290,9,2890.41
opel,insignia,67500,2010,1998,162,man,4,5,gasoline,2015-11-30 15:00:58.12624+00,2016-01-07 01:51:40.827273+00,136,4,17602.59
subaru,forester,208800,2004,1994,92,man,4,5,gasoline,2015-11-30 15:01:26.167128+00,2015-12-16 09:07:54.798913+00,89,5,4999.74
ford,fiesta,39000,2011,1242,60,man,4,5,gasoline,2015-11-30 15:02:04.090102+00,2016-02-10 20:04:32.274153+00,146,1,8401.26
smart,fortwo,10892,2013,999,52,auto,2,2,gasoline,2015-11-30 15:02:26.189426+00,2016-02-10 19:03:15.214327+00,81,4,7976.17
mazda,mx-5,1800,2015,1998,118,man,2,2,gasoline,2015-11-30 15:02:37.761565+00,2016-02-10 20:04:01.625407+00,215,9,21423.17
skoda,octavia,278265,2006,1968,103,man,4,5,diesel,2015-11-30 15:16:35.816983+00,2016-01-17 22:01:43.504915+00,154,8,4899.74
fiat,500l,35967,2014,1368,88,man,4,5,gasoline,2015-11-30 15:16:46.229864+00,2016-02-10 20:34:25.028504+00,134,1,13269.95
ford,focus,20886,2015,1560,85,man,4,5,diesel,2015-11-30 15:16:55.288281+00,2016-02-10 20:37:02.063703+00,137,1,15715.32
audi,a6,114236,2012,2967,230,auto,4,5,diesel,2015-11-30 15:17:12.138211+00,2016-01-07 21:17:10.86021+00,211,1,31929.72
mitsubishi,colt,153789,2007,1332,70,man,4,5,gasoline,2015-11-30 15:17:42.655574+00,2015-12-28 17:05:05.958541+00,221,0,3299.48
audi,q3,22054,2013,1968,130,auto,4,5,diesel,2015-11-30 15:17:45.131546+00,2016-02-10 20:07:37.914019+00,127,0,31504.66
mitsubishi,colt,147000,2007,1499,80,man,4,5,gasoline,2015-11-30 15:30:52.434345+00,2016-02-10 20:04:12.734718+00,138,0,4980.75
skoda,octavia,139930,2012,1968,103,man,4,5,diesel,2015-11-30 15:31:28.740456+00,2015-12-23 22:16:18.816748+00,247,5,11791.75
suzuki,swift,39000,2005,1328,68,man,4,5,gasoline,2015-11-30 15:31:47.239647+00,2015-12-20 19:34:40.426486+00,219,7,3999.59
bmw,x5,34800,2014,2993,190,auto,4,5,diesel,2015-11-30 15:31:52.448884+00,2016-01-17 21:46:53.088226+00,97,10,57958.59
volvo,v60,16113,2015,1969,133,auto,4,5,diesel,2015-11-30 15:45:18.773602+00,2016-02-10 19:14:57.081427+00,106,6,23944.56
opel,zafira,57896,2011,1686,92,man,4,7,diesel,2015-11-30 16:00:51.859102+00,2016-02-10 19:17:30.337751+00,187,7,12598.85
citroen,jumper,92750,2012,2198,96,man,4,3,diesel,2015-11-30 16:01:12.982101+00,2016-02-10 19:16:44.032492+00,128,2,12201.81
suzuki,jimny,14700,2013,1328,63,man,2,4,gasoline,2015-11-30 16:01:51.427978+00,2015-12-18 06:32:10.982956+00,211,3,12451.85
audi,a3,54067,2013,1598,77,man,4,5,diesel,2015-11-30 16:02:04.101156+00,2016-01-17 22:26:46.282109+00,262,3,16372.43
toyota,corolla-verso,123660,2005,2231,130,man,4,7,diesel,2015-11-30 16:15:57.906954+00,2015-12-14 02:18:20.190441+00,80,2,6499.96
ford,fiesta,25925,2013,1242,60,man,4,5,gasoline,2015-11-30 16:16:03.807407+00,2015-12-14 02:18:16.445626+00,193,1,8991.34
bmw,x3,107000,2009,1995,130,man,4,5,diesel,2015-11-30 16:16:09.279919+00,2016-02-10 19:16:51.691548+00,122,10,15902.37
opel,zafira,24650,2015,1956,121,man,4,7,diesel,2015-11-30 16:16:12.255208+00,2015-12-14 02:18:13.087107+00,74,5,19136.82
fiat,qubo,98893,2008,1360,54,man,4,5,gasoline,2015-11-30 16:16:24.675624+00,2015-12-31 15:22:38.031557+00,251,6,3950.59
opel,corsa,43600,2014,1398,74,man,4,5,gasoline,2015-11-30 16:16:30.715292+00,2016-02-10 19:05:43.412562+00,299,3,8278.24
ford,focus,22300,2015,999,92,man,4,5,gasoline,2015-11-30 16:17:00.360757+00,2015-12-30 14:01:17.260983+00,295,0,14699.19
ford,c-max,20000,2015,1560,85,man,4,5,diesel,2015-11-30 16:17:01.061296+00,2015-12-30 13:51:38.857046+00,111,10,14867.21
ford,mondeo,149480,2012,1997,103,man,5,5,diesel,2015-11-30 16:30:04.544923+00,2016-02-10 19:07:26.990413+00,171,10,11621.02
opel,astra,19220,2014,1598,85,man,4,5,gasoline,2015-11-30 16:30:37.277365+00,2016-02-10 19:55:52.368233+00,258,10,11514.69
jeep,renegade,25521,2015,1598,88,man,4,5,diesel,2015-11-30 16:31:07.753049+00,2015-12-14 02:16:42.838338+00,96,4,16220.39
chevrolet,spark,25600,2012,995,50,man,4,5,gasoline,2015-11-30 16:31:45.616291+00,2016-01-01 17:09:29.843365+00,285,2,5999.89
audi,q7,190000,2006,2967,171,auto,4,5,diesel,2015-11-30 16:45:29.44013+00,2016-01-17 22:09:25.403947+00,211,3,18502.74
mini,cooper,64763,2012,1598,90,auto,4,5,gasoline,2015-11-30 16:46:14.530783+00,2015-12-14 02:17:31.401594+00,80,9,17602.59
seat,ibiza,23332,2014,1197,63,man,4,5,gasoline,2015-11-30 16:46:31.079636+00,2016-01-20 22:56:23.432914+00,87,9,8984.34
ford,focus,120000,2011,1998,103,man,4,5,diesel,2015-11-30 16:47:17.229887+00,2016-02-10 18:58:19.147948+00,104,9,9909.47
skoda,roomster,152000,2007,1390,63,man,4,5,gasoline,2015-11-30 16:47:34.524282+00,2016-01-17 22:29:15.340461+00,179,9,3990.6
volvo,v50,92640,2009,1798,92,man,4,5,gasoline,2015-11-30 17:15:19.432534+00,2015-12-14 02:15:31.70796+00,173,5,8501.26
ford,b-max,22480,2015,998,92,man,4,5,gasoline,2015-11-30 17:16:39.113095+00,2016-02-10 20:16:56.012021+00,80,2,13784.05
ford,b-max,22473,2015,998,92,man,4,5,gasoline,2015-11-30 17:16:40.945714+00,2016-01-20 23:18:14.842775+00,238,9,14279.13
opel,astra,86000,2004,1998,147,man,4,5,gasoline,2015-11-30 17:17:23.985388+00,2015-12-14 02:33:57.665033+00,183,10,5480.83
audi,q3,4365,2015,1395,110,auto,4,5,gasoline,2015-11-30 17:17:47.206014+00,2016-02-10 20:17:02.348369+00,158,9,28559.22
skoda,fabia,8850,2013,1199,55,man,4,5,diesel,2015-11-30 17:17:55.627894+00,2016-02-10 20:17:05.629989+00,241,9,10665.58
bmw,x5,228000,2008,2993,173,auto,4,5,diesel,2015-11-30 17:30:39.721505+00,2015-12-14 02:34:57.032542+00,103,10,16992.52
ford,focus,63694,2009,1600,74,man,5,5,gasoline,2015-11-30 17:45:06.080297+00,2015-12-14 07:02:49.287264+00,162,5,5810.51
toyota,corolla,66578,1998,1332,63,auto,4,5,gasoline,2015-11-30 17:45:22.367765+00,2015-12-14 02:33:11.722583+00,145,7,2599.37
opel,insignia,19300,2015,1364,103,man,4,5,gasoline,2015-11-30 17:45:43.171112+00,2015-12-14 02:33:28.40742+00,246,10,16708.48
skoda,octavia,119905,2012,1968,103,man,4,5,diesel,2015-11-30 18:00:17.484713+00,2015-12-16 09:32:34.808533+00,96,3,9875.46
ford,connect,98980,2008,1753,66,man,2,2,diesel,2015-11-30 18:00:18.432467+00,2016-01-27 04:56:56.426895+00,270,7,4782.72
skoda,fabia,30000,2009,1598,77,auto,4,5,gasoline,2015-11-30 18:00:24.297972+00,2015-12-17 07:52:35.62131+00,130,10,9891.45
volvo,v60,97400,2013,1984,120,auto,4,5,diesel,2015-11-30 18:15:14.477953+00,2015-12-24 06:51:11.764205+00,263,6,18901.81
skoda,yeti,67000,2012,1197,77,auto,4,5,gasoline,2015-11-30 18:15:20.619744+00,2015-12-14 02:32:55.866559+00,99,10,13702.04
mini,clubman,161000,2008,1560,80,man,4,4,diesel,2015-11-30 18:16:07.137198+00,2016-02-10 20:03:34.451468+00,150,0,7500.11
audi,a3,137455,2012,1798,118,man,4,5,gasoline,2015-11-30 18:16:17.868552+00,2016-01-18 06:05:23.061524+00,143,2,12598.85
ford,mondeo,5900,2015,2000,110,auto,4,5,diesel,2015-11-30 18:30:31.777652+00,2016-02-10 20:35:27.560539+00,264,4,25953.85
opel,mokka,25109,2015,1364,103,man,4,5,gasoline,2015-11-30 18:31:23.670091+00,2016-02-10 20:03:31.71256+00,134,5,16342.41
seat,ibiza,129283,2009,1390,63,man,4,5,gasoline,2015-11-30 18:31:45.520557+00,2016-02-10 20:32:54.147513+00,249,6,6801
audi,a6,109000,2011,1968,130,auto,4,5,diesel,2015-11-30 18:45:20.291722+00,2015-12-22 13:47:23.791134+00,219,9,17187.53
audi,a3,76000,2010,1598,77,man,4,5,diesel,2015-11-30 19:01:02.670133+00,2016-02-10 20:03:33.424483+00,235,4,11341.67
mercedes-benz,viano,159900,2010,2143,120,auto,4,7,diesel,2015-11-30 19:01:17.499986+00,2015-12-14 02:48:50.464668+00,150,6,17802.63
audi,q3,100000,2012,1968,130,auto,4,5,diesel,2015-11-30 19:15:31.687868+00,2016-02-10 20:32:45.386956+00,253,1,20818.1
nissan,pulsar,20982,2015,1197,85,auto,4,5,gasoline,2015-11-30 19:16:01.770096+00,2015-12-30 14:16:59.172042+00,284,7,14699.19
seat,leon,78000,2012,1390,92,man,4,5,gasoline,2015-11-30 19:30:22.191882+00,2016-01-27 05:57:35.146334+00,244,0,9991.49
smart,fortwo,102700,2010,999,52,auto,2,2,gasoline,2015-11-30 19:30:45.047246+00,2016-01-07 02:23:04.483613+00,245,0,4000.59
audi,q3,57800,2012,1968,103,man,4,5,diesel,2015-11-30 19:31:15.76473+00,2016-02-10 20:32:53.659507+00,174,10,27434.05
ford,focus,131000,2007,1596,74,man,4,5,gasoline,2015-11-30 19:45:24.177996+00,2015-12-15 11:07:30.832046+00,93,3,3800.56
mini,cooper-s,89002,2005,1598,125,man,2,4,gasoline,2015-11-30 19:45:25.883006+00,2015-12-14 02:47:00.741139+00,218,8,7401.11
ford,b-max,17730,2015,998,92,man,4,5,gasoline,2015-11-30 19:45:26.492128+00,2016-02-10 19:46:27.874778+00,135,0,15868.36
nissan,primera,207000,1999,1597,73,man,4,5,gasoline,2015-11-30 20:01:13.61486+00,2015-12-14 02:48:30.416699+00,143,4,800.11
skoda,fabia,184827,2006,1400,55,man,5,5,diesel,2015-12-01 18:00:10.311111+00,2015-12-14 20:45:32.081444+00,195,2,2738.71
skoda,superb,1792,2015,1968,125,auto,5,5,diesel,2015-12-01 18:00:10.754618+00,2015-12-14 16:34:56.537219+00,252,6,22168.76
skoda,fabia,9492,2012,1200,51,man,5,5,gasoline,2015-12-01 18:00:11.512194+00,2016-02-10 19:39:59.174438+00,192,1,6661.73
skoda,octavia,127768,2008,2000,103,man,5,5,diesel,2015-12-01 18:00:19.087456+00,2016-01-01 05:51:46.984594+00,113,3,8216.14
skoda,octavia,5164,2014,1395,103,man,5,5,gasoline,2015-12-01 18:00:25.797435+00,2015-12-18 19:16:38.276395+00,243,4,15507.03
opel,astra,109172,2002,1800,92,man,5,5,gasoline,2015-12-01 18:00:32.63558+00,2016-02-10 19:04:11.732721+00,271,10,2220.58
skoda,octavia,175791,2007,1900,77,auto,5,5,diesel,2015-12-01 18:00:40.439682+00,2015-12-14 04:32:37.845804+00,93,2,4367.14
hyundai,ix35,8900,2015,1995,135,auto,5,5,diesel,2015-12-01 18:00:48.285324+00,2015-12-14 13:15:56.222323+00,193,2,20355.29
ford,c-max,101000,2007,1596,85,man,5,5,gasoline,2015-12-01 18:00:50.449798+00,2016-02-10 19:42:47.478185+00,258,0,4774.24
audi,s4,198000,2009,2995,245,man,5,5,gasoline,2015-12-01 18:00:54.851877+00,2015-12-15 23:06:01.340992+00,239,5,19207.99
fiat,doblo,103000,2011,1368,88,man,4,2,gasoline,2015-12-01 18:02:13.44272+00,2016-01-04 23:35:10.304072+00,93,5,5884.16
ford,fiesta,49000,2009,1242,60,man,4,5,gasoline,2015-12-01 18:03:55.272751+00,2015-12-17 08:48:21.20011+00,219,3,4991.86
chevrolet,captiva,250000,2012,2231,120,man,4,7,diesel,2015-12-01 18:04:02.920346+00,2015-12-23 06:48:38.047334+00,128,1,8903.29
citroen,c4-picasso,90000,2010,1997,100,auto,4,7,diesel,2015-12-01 18:15:57.342592+00,2016-02-10 19:48:27.278406+00,179,5,10994.08
ford,galaxy,49198,2008,1998,85,man,4,7,diesel,2015-12-01 18:16:08.387782+00,2016-02-10 20:36:41.886017+00,242,4,14504.37
skoda,octavia,78367,2009,1968,103,auto,4,5,diesel,2015-12-01 18:16:13.466725+00,2016-02-10 20:07:27.154391+00,84,6,13003.81
opel,astra,185000,2004,1598,62,man,4,5,gasoline,2015-12-01 18:30:20.632551+00,2015-12-18 07:35:35.957314+00,192,3,1550.59
audi,a3,127000,2008,1896,77,man,4,5,diesel,2015-12-01 18:45:56.653941+00,2016-02-10 20:36:43.447464+00,232,6,7992.97
opel,astra,106000,2011,1686,81,man,4,5,diesel,2015-12-01 19:01:13.798272+00,2016-01-06 01:24:51.002356+00,174,9,7492.78
skoda,fabia,40274,2006,1200,47,man,5,5,gasoline,2015-12-01 19:45:04.606267+00,2015-12-14 20:45:25.633582+00,117,2,2960.77
smart,fortwo,20900,2013,999,52,auto,2,2,gasoline,2015-12-01 19:45:20.355844+00,2016-02-10 20:36:48.680732+00,161,4,6641.45
opel,astra,150000,2012,1686,81,man,4,5,diesel,2015-12-01 19:45:33.194741+00,2015-12-14 04:16:13.872539+00,205,8,7305.7
opel,mokka,51280,2013,1686,96,auto,4,5,diesel,2015-12-01 19:46:01.434059+00,2015-12-14 04:04:19.396437+00,209,5,16636.16
suzuki,sx4,150000,2006,1586,79,man,5,5,gasoline,2015-12-01 20:00:04.362537+00,2015-12-15 23:04:17.556871+00,115,3,4774.24
mitsubishi,colt,182000,1995,6000,55,man,2,5,gasoline,2015-12-01 20:00:17.110712+00,2015-12-18 07:46:29.796756+00,128,8,600.22
opel,astra,170000,1999,1598,74,man,4,5,gasoline,2015-12-01 20:00:54.442478+00,2016-02-10 19:56:56.271732+00,194,3,2701
nissan,qashqai,86500,2007,1598,84,man,4,5,gasoline,2015-12-01 20:01:27.563717+00,2015-12-14 04:15:57.279987+00,194,1,8803.26
skoda,citigo,56000,2012,999,55,man,2,4,gasoline,2015-12-01 20:15:37.274414+00,2016-01-05 11:05:42.689527+00,265,1,4874.54
audi,a3,7263,2014,1197,81,man,4,5,gasoline,2015-12-01 20:30:53.278974+00,2016-01-01 18:32:58.562395+00,74,1,16211.81
audi,a3,7500,2015,1968,110,auto,4,5,diesel,2015-12-01 20:31:02.918677+00,2016-02-10 20:36:50.03583+00,110,7,35675.94
toyota,corolla,86500,1998,1332,63,man,2,5,gasoline,2015-12-01 20:31:10.231402+00,2016-01-18 00:40:10.13778+00,83,9,2980.35
ford,focus,111500,2008,1997,100,man,2,4,diesel,2015-12-01 20:45:41.507774+00,2015-12-14 04:16:56.914876+00,241,5,8500.96
smart,forfour,3000,2015,999,52,man,4,4,gasoline,2015-12-01 20:46:17.35574+00,2016-01-01 18:35:34.041329+00,96,6,12005.33
opel,astra,63339,2011,1364,103,man,4,5,gasoline,2015-12-01 20:47:00.486006+00,2015-12-14 04:17:29.99201+00,271,9,9971.1
bmw,x1,3000,2015,1995,140,auto,4,5,diesel,2015-12-01 21:15:51.414789+00,2016-01-04 23:51:00.955433+00,204,4,50677.61
skoda,roomster,89890,2007,1598,77,man,4,5,gasoline,2015-12-01 21:30:38.197336+00,2015-12-14 04:19:08.77324+00,85,1,4950.56
opel,zafira,285000,2000,2198,108,man,4,7,gasoline,2015-12-01 21:45:46.854396+00,2015-12-14 04:18:57.869627+00,159,6,725.09
opel,astra,138000,2004,1998,147,man,2,5,gasoline,2015-12-01 21:45:57.289748+00,2015-12-18 07:50:36.738502+00,236,0,5490.6
skoda,yeti,14800,2014,1968,81,man,4,5,diesel,2015-12-01 22:45:26.661656+00,2015-12-18 07:51:42.769829+00,262,6,16581.83
citroen,berlingo,160000,2006,1560,55,man,4,5,diesel,2015-12-01 23:00:21.043213+00,2016-01-07 03:26:28.354101+00,210,5,3350.37
volvo,s60,177648,2008,2400,136,man,4,5,diesel,2015-12-01 23:45:04.096608+00,2015-12-30 02:36:24.006896+00,261,0,5773.5
toyota,yaris,24100,2012,1329,73,man,4,5,gasoline,2015-12-01 23:45:29.909617+00,2015-12-22 06:38:32.093317+00,145,7,10931.2
opel,astra,26980,2015,1956,121,auto,4,5,diesel,2015-12-02 00:15:27.996366+00,2015-12-14 04:45:17.475489+00,99,9,15925.76
toyota,avensis,9200,2015,2231,110,man,4,5,diesel,2015-12-02 01:45:13.765591+00,2016-01-18 01:03:37.790282+00,279,4,20590.3
audi,a6-allroad,44848,2013,2967,230,auto,4,5,diesel,2015-12-02 02:00:30.428686+00,2016-02-10 20:38:17.11305+00,227,9,54569.06
opel,meriva,98146,2011,1686,81,man,5,5,diesel,2015-12-02 02:06:54.906604+00,2016-01-05 01:54:55.05762+00,143,2,8438.19
honda,accord,115200,2006,1998,114,man,4,5,gasoline,2015-12-02 02:15:18.269641+00,2015-12-14 04:45:23.441597+00,204,9,7890.86
ford,focus,18092,2013,999,92,man,4,5,gasoline,2015-12-02 02:15:24.400395+00,2016-02-10 19:53:08.548996+00,204,7,11253.26
toyota,rav4,188629,2004,1995,85,man,4,5,diesel,2015-12-02 03:15:36.356954+00,2015-12-14 04:45:55.545648+00,275,3,4990.56
mini,cooper,105289,2007,1560,80,man,2,4,diesel,2015-12-02 03:15:36.913342+00,2015-12-14 04:45:55.685097+00,175,5,7900.89
nissan,qashqai,109293,2008,1995,110,man,4,7,diesel,2015-12-02 03:15:37.373943+00,2015-12-14 04:45:55.824588+00,279,7,10101.11
mitsubishi,lancer,104700,2007,1584,72,man,4,5,gasoline,2015-12-02 03:15:38.041014+00,2016-02-10 20:38:22.382903+00,182,10,5470.61
hyundai,ix35,19600,2012,1998,120,auto,4,5,gasoline,2015-12-02 03:15:39.204144+00,2015-12-14 04:45:56.504013+00,297,2,18482.05
toyota,land-cruiser,287000,2006,2982,122,man,4,8,diesel,2015-12-02 03:15:41.024186+00,2015-12-14 04:45:57.233875+00,248,4,12891.41
opel,astra,112305,2008,1910,110,man,2,4,diesel,2015-12-02 03:15:46.78149+00,2015-12-14 04:45:58.933185+00,184,9,7450.81
skoda,roomster,64202,2008,1198,51,man,4,5,gasoline,2015-12-02 04:00:20.11418+00,2016-01-18 01:07:26.575846+00,193,2,5500.63
audi,a1,8900,2013,1598,66,man,2,3,diesel,2015-12-02 04:45:27.679918+00,2015-12-14 04:47:01.13511+00,218,2,15985.79
bmw,z3,186126,1997,1796,85,man,2,2,gasoline,2015-12-02 05:15:18.12544+00,2015-12-18 08:06:06.552746+00,264,9,4999.56
hyundai,i20,106785,2009,1396,74,man,4,5,gasoline,2015-12-02 05:30:21.313848+00,2016-01-18 01:08:25.93793+00,90,4,6790.75
hyundai,ix35,144052,2011,2000,135,auto,5,5,diesel,2015-12-02 05:45:02.687774+00,2015-12-14 20:36:48.06295+00,139,6,11250.93
audi,a3,58870,2012,1390,92,auto,4,5,gasoline,2015-12-02 06:00:18.396309+00,2016-02-10 20:38:26.060044+00,200,5,16981.9
bmw,x3,1500,2015,2993,190,auto,4,5,diesel,2015-12-02 06:00:23.899517+00,2016-02-10 20:11:33.496361+00,159,8,53778.98
bmw,m5,66300,2013,2993,280,auto,4,5,diesel,2015-12-02 06:30:31.391064+00,2015-12-17 09:18:38.704024+00,266,4,52097.78
skoda,octavia,104967,2012,1984,147,auto,4,5,gasoline,2015-12-02 07:00:54.579521+00,2015-12-14 04:48:44.730778+00,276,6,14018.54
jeep,renegade,7950,2014,1368,103,man,4,5,gasoline,2015-12-02 07:15:45.500015+00,2016-02-10 18:54:22.05025+00,284,2,16799.85
bmw,x1,154148,2012,1995,105,man,4,5,diesel,2015-12-02 07:16:03.046472+00,2016-02-10 20:33:24.241627+00,127,5,12522.39
audi,a1,9948,2014,1390,90,man,4,5,gasoline,2015-12-02 07:30:24.451997+00,2016-02-10 20:33:25.160605+00,165,0,18220.02
ford,c-max,78000,2007,1798,92,man,4,5,gasoline,2015-12-02 07:45:14.920539+00,2016-02-10 20:33:25.913262+00,72,5,6650.74
mini,cooper-s,170000,2003,1598,147,man,2,4,gasoline,2015-12-02 07:45:16.892225+00,2016-02-10 20:33:26.024645+00,126,4,4499.48
skoda,fabia,180000,2009,1422,59,man,4,5,diesel,2015-12-02 07:45:18.759984+00,2016-02-10 18:54:50.812455+00,210,7,3600.41
hyundai,i30,40571,2011,1396,80,man,4,5,gasoline,2015-12-02 08:00:18.51971+00,2015-12-14 05:01:08.047548+00,300,6,7950.89
skoda,roomster,41300,2012,1197,63,man,4,5,gasoline,2015-12-02 08:00:30.816015+00,2015-12-14 05:01:13.022157+00,141,5,8490.93
audi,a3,7961,2015,1968,110,auto,4,5,diesel,2015-12-02 08:15:39.431052+00,2016-01-18 01:27:21.078291+00,160,6,23355.59
audi,a5,26334,2015,1968,140,auto,4,5,diesel,2015-12-02 08:15:52.11741+00,2016-01-21 01:49:55.590633+00,82,3,38231.24
audi,q3,4084,2015,1968,103,man,4,5,diesel,2015-12-02 08:15:52.149628+00,2016-01-21 01:49:55.564538+00,250,5,27137.01
audi,a1,8426,2015,1598,85,man,4,5,diesel,2015-12-02 08:15:56.704731+00,2016-01-21 01:50:01.097782+00,204,3,16211.81
skoda,citigo,12510,2014,999,55,man,4,4,gasoline,2015-12-02 08:16:04.227273+00,2016-02-10 19:52:11.341973+00,90,2,8302.92
audi,a6,118777,2013,1968,130,auto,4,5,diesel,2015-12-02 08:16:11.931915+00,2015-12-14 05:03:06.130043+00,113,10,20968.32
opel,meriva,16000,2011,1364,88,man,4,5,gasoline,2015-12-02 08:30:22.175979+00,2016-02-10 19:33:41.002021+00,212,2,10901.22
audi,a1,26077,2015,1395,103,auto,4,5,gasoline,2015-12-02 08:30:35.938276+00,2015-12-30 15:46:52.750072+00,200,7,19624.17
bmw,x5,12810,2012,2993,180,auto,4,5,diesel,2015-12-02 08:30:36.098135+00,2015-12-17 09:21:40.699969+00,109,8,39458.36
opel,corsa,149670,2000,1389,66,man,2,5,gasoline,2015-12-02 08:31:00.807353+00,2016-01-18 01:25:52.362317+00,75,6,1999.22
audi,a3,6482,2015,1395,110,auto,2,5,gasoline,2015-12-02 08:31:17.012993+00,2016-02-10 20:29:50.165559+00,204,5,25204.81
audi,a1,7639,2015,1390,90,man,2,4,gasoline,2015-12-02 08:31:23.347982+00,2015-12-14 05:02:12.641399+00,186,7,15119.69
audi,a4,22348,2015,1968,110,man,4,5,diesel,2015-12-02 08:31:27.019024+00,2016-01-06 02:07:04.070893+00,167,5,24296.71
mini,cooper-s,49000,2012,1995,105,man,2,4,diesel,2015-12-02 08:31:36.506308+00,2016-01-03 22:45:43.599098+00,157,6,16451.81
skoda,roomster,197000,2007,1422,59,man,4,5,diesel,2015-12-02 08:45:39.282891+00,2016-01-26 01:27:02.48629+00,148,3,3699.41
audi,coupe,149000,2010,4163,331,auto,2,4,gasoline,2015-12-02 08:46:05.514578+00,2016-02-10 19:57:27.024639+00,270,6,29406.25
skoda,roomster,65500,2010,1390,63,man,4,5,gasoline,2015-12-02 08:46:21.851909+00,2016-02-10 19:44:56.873359+00,166,0,9000
nissan,qashqai,105000,2008,1997,104,man,4,7,gasoline,2015-12-02 08:46:27.336895+00,2015-12-14 05:04:01.666856+00,98,6,11901.33
audi,coupe,11889,2014,4163,331,auto,2,4,gasoline,2015-12-02 08:46:36.725331+00,2016-01-05 00:22:02.340189+00,178,9,58687.53
opel,omega,165667,2001,2198,106,man,4,5,gasoline,2015-12-02 08:46:39.376894+00,2016-01-05 00:22:03.498458+00,81,0,1336.16
toyota,auris,1900,2015,1798,100,auto,4,5,gasoline,2015-12-02 09:01:38.052495+00,2016-02-10 20:33:21.689048+00,150,1,26752.96
audi,a5,90800,2012,1968,130,auto,2,4,diesel,2015-12-02 09:02:15.64529+00,2016-01-07 03:54:50.010388+00,245,10,23498.59
volvo,v40,23200,2014,1560,84,man,4,5,diesel,2015-12-02 09:02:40.790421+00,2016-02-10 19:18:04.260041+00,74,0,16714.84
audi,a4,124391,1999,1781,92,auto,4,5,gasoline,2015-12-02 09:02:51.055343+00,2016-02-10 20:14:31.173057+00,292,9,3990.45
mini,cooper-s,14400,2014,1998,141,man,4,5,gasoline,2015-12-02 09:03:01.553928+00,2015-12-14 05:15:31.568+00,104,5,20750.3
audi,a5,9900,2015,2967,180,auto,4,4,diesel,2015-12-02 09:03:23.516901+00,2015-12-31 17:31:19.116442+00,96,6,46047.11
hyundai,ix35,58825,2012,1600,99,man,5,5,gasoline,2015-12-02 09:15:03.72285+00,2016-02-10 19:48:50.937172+00,150,8,12953.37
mercedes-benz,vito,99103,2012,2143,100,auto,4,2,diesel,2015-12-02 09:15:19.626013+00,2015-12-14 05:16:57.670758+00,119,8,12177.35
toyota,avensis,239000,2001,1598,81,man,4,5,gasoline,2015-12-02 09:15:40.893285+00,2015-12-14 05:16:00.830171+00,226,1,1350.15
nissan,x-trail,118192,2005,2184,100,man,4,5,diesel,2015-12-02 09:15:41.349007+00,2015-12-14 05:16:01.088325+00,80,2,5850.67
bmw,x3,43600,2012,1995,135,auto,4,5,diesel,2015-12-02 09:30:16.808673+00,2016-02-10 20:11:12.151293+00,234,3,28432.16
honda,accord,181851,2001,2254,113,man,4,5,gasoline,2015-12-02 09:30:28.463105+00,2016-02-10 19:47:35.642537+00,266,0,1990.23
ford,mondeo,24030,2011,1999,107,man,4,5,gasoline,2015-12-02 09:30:35.77641+00,2015-12-14 05:16:31.776526+00,76,8,13900.56
suzuki,jimny,82706,2010,1328,63,man,2,4,gasoline,2015-12-02 09:30:45.980246+00,2015-12-15 12:49:16.124433+00,103,4,9791.08
mini,cooper,26190,2011,1598,90,man,2,4,gasoline,2015-12-02 09:31:01.296464+00,2015-12-30 16:02:03.811884+00,259,6,12951.44
audi,a4,151000,2004,1781,120,man,5,5,gasoline,2015-12-02 09:45:02.621787+00,2015-12-14 09:19:39.209983+00,130,6,4404.15
volvo,v70,247900,2007,2400,136,auto,4,5,diesel,2015-12-02 09:45:35.289565+00,2015-12-14 05:17:25.831813+00,179,0,8901
fiat,grande-punto,126346,2006,1368,57,man,4,5,gasoline,2015-12-02 09:46:30.016083+00,2016-01-18 01:51:10.797332+00,259,2,3970.43
seat,ibiza,141000,2006,1390,55,man,2,5,gasoline,2015-12-02 10:01:31.140017+00,2016-02-10 19:32:29.278742+00,199,2,2499.26
opel,vectra,147000,1998,1998,100,man,4,5,gasoline,2015-12-02 10:15:15.319018+00,2016-01-03 23:05:16.17855+00,171,6,599.07
audi,q5,175000,2010,1968,125,auto,4,5,diesel,2015-12-02 10:15:17.232312+00,2016-01-21 12:25:24.230882+00,83,9,23992.67
audi,a4,214500,2002,1984,96,auto,4,5,gasoline,2015-12-02 10:16:15.931558+00,2016-01-03 23:04:39.487944+00,106,7,3800.41
mini,one,124210,2005,1598,66,man,2,4,gasoline,2015-12-02 10:30:22.187602+00,2016-01-07 04:09:37.227181+00,273,1,5950.67
toyota,land-cruiser,261000,1984,3980,76,man,4,6,diesel,2015-12-02 10:30:27.083579+00,2015-12-14 05:19:04.318481+00,217,10,3800.41
audi,a7,21150,2015,2967,160,auto,4,4,diesel,2015-12-02 10:31:35.519083+00,2015-12-31 17:37:58.334664+00,105,6,47332.27
opel,astra,190000,1996,1598,52,man,2,4,gasoline,2015-12-02 10:31:41.699059+00,2016-01-05 00:46:22.733465+00,122,4,599.07
seat,ibiza,79000,2007,1198,51,man,2,5,gasoline,2015-12-02 10:45:41.944325+00,2015-12-22 07:19:03.92624+00,89,8,3790.41
opel,astra,23550,2015,1364,103,man,4,5,gasoline,2015-12-02 10:46:04.2206+00,2015-12-14 05:31:45.244687+00,128,5,14278.57
audi,a4,43100,2004,1984,96,auto,4,5,gasoline,2015-12-02 10:46:10.142806+00,2016-01-05 00:35:49.176505+00,223,10,7950.89
toyota,corolla-verso,120000,2007,2231,130,man,4,5,diesel,2015-12-02 10:46:14.142562+00,2015-12-27 11:00:58.590024+00,265,9,5999.67
bmw,x1,97510,2012,1997,135,man,4,5,gasoline,2015-12-02 10:46:24.543794+00,2016-02-10 20:35:40.042735+00,74,8,17539.93
bmw,x5,25300,2014,1995,160,auto,4,7,diesel,2015-12-02 11:00:18.723605+00,2015-12-14 05:32:07.936935+00,185,9,49501.48
mini,one,169000,2004,1364,55,man,2,4,diesel,2015-12-02 11:00:40.955811+00,2016-01-21 02:17:50.661792+00,209,0,5200.59
audi,q5,48600,2014,1968,130,auto,4,5,diesel,2015-12-02 11:00:58.145694+00,2016-02-10 20:35:42.378438+00,104,10,35869.99
audi,a4,86000,2004,1781,120,man,2,4,gasoline,2015-12-02 11:15:23.716427+00,2015-12-17 09:50:01.852866+00,165,9,9991.12
porsche,macan,9900,2015,3000,190,auto,2,2,diesel,2015-12-02 11:15:25.82517+00,2015-12-19 08:05:24.539265+00,162,4,60040.67
honda,civic,26510,2013,1800,104,man,4,5,gasoline,2015-12-02 11:15:32.388239+00,2016-02-10 20:35:51.660377+00,159,8,13800.52
nissan,qashqai,72000,2009,1997,104,man,4,5,gasoline,2015-12-02 11:15:38.924491+00,2016-02-10 20:35:52.423595+00,113,3,12901.44
toyota,avensis,77500,2006,1998,108,man,4,5,gasoline,2015-12-02 11:15:39.93954+00,2016-01-18 02:32:36.805849+00,239,8,6990.78
ford,galaxy,346000,1999,2295,107,man,4,5,gasoline,2015-12-02 11:15:43.019977+00,2016-02-10 20:35:52.351237+00,224,7,1350.15
volvo,v60,13000,2014,1596,110,man,4,5,gasoline,2015-12-02 11:15:52.97788+00,2016-02-10 20:35:45.409002+00,114,10,22653.52
ford,focus,110000,2010,1560,66,man,4,5,diesel,2015-12-02 11:30:22.838445+00,2015-12-18 15:05:29.634691+00,142,4,5990.67
skoda,fabia,107400,2011,1390,63,man,4,5,gasoline,2015-12-02 11:30:44.793696+00,2016-01-22 19:35:23.176268+00,219,7,5750.63
honda,cr-v,49888,2013,2199,110,man,4,5,diesel,2015-12-02 11:45:33.729205+00,2016-01-18 02:34:40.521665+00,115,1,22492.49
opel,meriva,125700,2005,1598,74,man,4,5,gasoline,2015-12-02 12:00:13.203816+00,2016-02-10 18:54:38.557223+00,195,2,3450.37
audi,q7,56874,2013,2967,180,auto,4,5,diesel,2015-12-02 12:00:13.266268+00,2016-02-10 20:04:47.936692+00,149,0,46905.22
seat,alhambra,7800,2015,1968,103,man,4,7,diesel,2015-12-02 12:15:51.31926+00,2015-12-19 08:15:35.466926+00,130,10,22599.52
ford,c-max,155000,2011,1560,85,man,4,7,diesel,2015-12-02 12:31:13.200267+00,2015-12-14 05:46:35.828443+00,211,3,8901
citroen,xsara-picasso,246000,2004,1997,66,man,5,5,diesel,2015-12-02 12:45:05.695549+00,2015-12-16 17:17:05.465743+00,288,5,1476.68
ford,kuga,47500,2012,1997,103,man,4,5,diesel,2015-12-02 12:45:23.434134+00,2015-12-14 05:46:45.591537+00,163,8,18952.11
opel,corsa,186000,2001,1199,55,man,2,5,gasoline,2015-12-02 12:45:30.50767+00,2015-12-14 05:47:53.709725+00,80,5,1000.11
opel,zafira,8630,2015,1364,103,man,4,7,gasoline,2015-12-02 12:46:05.048539+00,2016-02-10 20:12:10.395419+00,275,2,15505.74
skoda,octavia,2500,2015,1968,135,man,4,5,diesel,2015-12-02 13:00:15.66107+00,2016-02-10 20:38:31.673063+00,167,9,31953.55
subaru,impreza,9500,2013,1600,84,man,4,5,gasoline,2015-12-02 13:00:24.859729+00,2016-02-10 20:38:32.457693+00,112,4,14194.56
seat,leon,149600,2006,1595,75,man,4,5,gasoline,2015-12-02 13:00:55.444462+00,2015-12-14 05:47:39.605917+00,175,1,5300.59
opel,combo,229000,2005,1364,66,man,4,5,gasoline,2015-12-02 13:00:57.829665+00,2015-12-14 21:31:32.002805+00,90,2,1590.19
